2181 2783
1021 156 1172 188 -26-

360 228 461 259 Andr.
485 229 544 259 124
564 228 707 259 Sororem
728 232 820 264 (eam)
841 238 902 260 esse
921 230 1012 260 aiunt
1034 230 1203 268 Chrysidis.
1248 231 1307 261 402
1330 230 1388 268 Qui
1400 239 1432 261 se
1444 230 1534 261 sciret
1546 233 1618 266 (me)
1631 237 1692 260 non
1704 229 1909 261 deserar-um.

262 275 322 307 517
352 283 401 314 sq.
433 275 633 308 Intellexeras
662 276 697 308 id
726 277 887 309 consilium
918 280 1011 314 (eam)
1041 285 1157 316 capere.
1209 277 1269 309 553
1304 277 1343 308 Ut
1366 286 1486 317 sperem
1505 279 1581 314 (eas)
1595 284 1686 316 posse
1706 276 1810 308 auelli.
1852 277 1913 309 560

261 323 357 363 spero
372 348 378 355 .
396 349 402 355 .
419 348 426 355 .
442 326 536 360 (eum)
567 334 605 355 ex
634 325 699 356 illis
728 334 791 356 sese
820 334 1017 356 emersurum
1046 325 1150 357 malis.
1196 326 1257 357 840
1276 325 1317 356 Id
1336 328 1412 363 (eas)
1432 327 1571 366 faetwas
1586 350 1593 357 .
1610 350 1617 357 .
1632 349 1640 356 .
1649 325 1811 364 proedakvit.
1853 325 1914 357 898
1982 369 1988 373 ,

264 370 355 402 Hanc
384 372 436 402 uis
466 372 586 402 mittere
610 372 693 412 (me).
735 374 796 404 976
815 372 991 402 Facturum
1016 373 1110 411 (eum)
1135 381 1206 412 quoe
1225 372 1308 403 uoles
1327 373 1390 404 scio
1410 383 1472 404 esse
1491 373 1606 404 omnia.
1645 373 1726 404 Eun.
1750 374 1809 405 106
1833 372 1908 413 (Me)

262 421 357 450 tacere
375 420 407 449 si
425 419 484 449 uis.
526 421 584 451 331
600 428 649 458 sq.
664 420 761 450 Illum
776 420 871 459 liquet
883 420 966 450 mihi
977 420 1111 450 deierare
1127 444 1132 450 .
1151 444 1158 451 .
1175 444 1181 450 .
1203 420 1273 459 (me)
1291 430 1356 450 non
1369 421 1494 452 uidisse.
1531 422 1590 453 557
1609 421 1702 452 Uideo
1716 420 1809 461 (eum)
1823 420 1910 451 uelle.

260 468 321 498 660
341 475 390 506 sq.
413 466 563 507 Suspicor
582 467 705 507 aliquid
723 467 814 498 domo
839 468 932 507 (eum)
957 467 1120 498 abeuntem
1139 467 1309 498 abstulisse.
1364 469 1424 500 700
1444 468 1588 500 Fratrem
1608 478 1712 500 mewm
1731 478 1793 499 esse
1817 469 1910 508 (σιιτη)

258 515 365 546 scibas.
414 516 474 547 796
512 515 554 546 Ui
572 516 677 546 mauis
703 516 793 555 (eam)
817 515 905 555 eripi.
947 517 1007 547 858
1030 515 1219 546 Conservam
1244 515 1334 555 (eam)
1358 526 1421 546 esse
1440 517 1562 548 credam.
1603 517 1722 550 Heaut.
1747 518 1765 549 7
1786 516 1910 547 Nouam

265 564 355 603 (eam)
391 574 453 594 esse
483 564 609 595 ostendi.
663 565 702 595 16
732 572 780 602 sq.
810 563 963 594 Runwres
993 564 1256 594 distulerunt...
1286 564 1401 603 (illum)
1426 565 1651 596 contaminasse
1676 565 1807 596 Oraecas.
1854 565 1914 596 358

262 611 363 642 Suam
392 621 454 642 esse
489 612 580 652 (eam)
610 611 783 642 adsimulet.
841 613 900 643 407
933 611 1045 642 Salum
1083 612 1132 651 (te)
1171 611 1293 642 uenisse
1320 611 1445 650 qaudeo.
1496 612 1555 643 627
1586 612 1675 643 Nolle
1711 613 1802 652 (eam)
1839 613 1914 643 tolli.
1963 620 1967 622 ’

261 662 318 693 881
360 660 399 692 Ut
420 661 503 692 nihil
521 661 625 692 credas
651 661 742 701 (ilus)
767 660 944 700 intelleyere.
988 661 1046 692 891
1079 659 1272 701 Desponsam
1298 660 1388 701 (eam)
1413 661 1571 692 nuntiasti
1589 661 1665 701 filio.
1708 663 1784 694 1001
1813 661 1916 693 Miror

261 719 325 739 non
339 733 346 738 .
361 733 368 739 .
384 733 391 741 .
411 709 505 748 (eum)
530 709 620 739 iusse.
671 710 749 740 1020
773 708 943 739 Conuinces
963 708 1054 747 facik
1074 719 1111 739 ex
1132 711 1159 739 te
1183 709 1277 748 (eum)
1302 719 1364 739 esse
1383 711 1504 739 natum.
1544 709 1671 741 Phorm.
1693 711 1733 741 54
1758 710 1821 749 (Te)
1847 720 1913 740 non

261 757 422 788 neclacisse
442 757 535 787 habeo
551 757 697 797 qratiam.
745 757 804 788 205
825 765 873 796 sq.
896 755 1113 787 Arbitrabitur
1138 756 1188 796 (te)
1212 756 1427 788 commeruisse
1446 756 1580 797 culpam.
1623 758 1683 789 315
1703 757 1793 788 Itane
1808 758 1913 798 patris

259 806 308 835 ais
337 806 510 835 aduentum
540 805 678 835 ueritum
709 805 782 835 hinc
816 805 909 844 (eum)
944 804 1076 835 abiisse?
1130 806 1189 836 459
1209 814 1258 844 sq.
1288 805 1408 844 Negant
1433 805 1526 844 (eum)
1550 805 1670 836 redisse.
1712 806 1773 837 610
1800 805 1912 837 Uenire

264 853 315 892 (te)
350 854 472 883 salumn
502 853 600 893 uolup
627 856 679 883 est.
723 854 783 884 626
803 861 850 892 sq.
873 853 928 883 An
949 852 1064 892 lembus
1089 853 1182 891 (eum)
1204 852 1355 882 daturum
1370 862 1488 892 poenas
1507 852 1606 883 dices?
1647 854 1705 884 681
1736 853 1834 884 Uxori
1854 853 1912 884 tibi

264 901 358 941 (eum)
383 911 462 941 opus
482 911 544 932 esse
563 901 677 932 dicero.
721 902 779 932 801
805 900 974 940 Coynatam
998 901 1088 940 (eam)
1113 900 1248 940 comperi
1265 910 1328 931 esse
1347 900 1444 931 nobis.
1490 900 1567 932 1014
1587 900 1664 931 Esse
1689 901 1783 941 (eum)
1808 901 1844 932 in
1857 901 1914 932 hac

260 959 292 979 re
322 950 448 989 culpam
478 949 626 979 meritum
652 959 717 980 non
742 959 826 989 neyo.
872 950 949 980 1022
970 949 1076 978 Aetate
1092 958 1188 988 porro
1213 949 1306 988 (ecem)
1330 948 1439 979 minus
1455 951 1655 988 peccaturum
1670 944 1789 989 putem.
1832 949 1911 981 He0.

261 998 300 1028 76
334 996 409 1036 (Me)
444 997 504 1027 isse
533 997 634 1027 dicito.
688 998 748 1028 215
782 996 857 1036 (Me)
892 996 1008 1026 nescire
1027 996 1238 1026 arbitramini.
1283 997 1342 1027 238
1363 995 1495 1026 Lassam
1515 996 1625 1036 oppido
1645 999 1713 1026 tum
1737 997 1828 1036 (eam)
1852 1006 1915 1027 esse

258 1044 376 1075 aibant.
420 1046 479 1077 353
505 1044 630 1076 Gaudeo
651 1047 702 1081 (te)
723 1044 845 1075 uenisse
864 1044 995 1075 saluom.
1039 1045 1099 1076 393
1120 1044 1223 1074 Aiunt
1243 1046 1334 1081 (eam)
1349 1067 1356 1074 .
1373 1068 1379 1074 .
1398 1044 1625 1075 ,concubuisse
1669 1045 1728 1076 413
1749 1044 1913 1075 Parturire

261 1096 352 1130 (eam)
372 1093 536 1133 intellegat.
579 1094 638 1125 438
659 1092 735 1130 (Me)
755 1103 821 1124 mm
837 1103 926 1133 posse
945 1093 1093 1131 [verbum
1107 1093 1232 1125 dicendi
1247 1093 1354 1132 deest3
1369 1093 1510 1124 sumitur
1524 1102 1545 1125 a
1558 1093 1723 1132 superiore
1736 1093 1911 1133 sententia,

261 1142 316 1173 ubi
336 1142 466 1181 legitur:
499 1142 576 1180 quid
596 1142 648 1173 uis
670 1142 797 1178 dicam}
851 1142 910 1172 452
939 1141 1065 1172 Uenisse
1086 1143 1181 1178 (eum)
1201 1141 1303 1171 aiunt.
1347 1142 1406 1172 489
1427 1140 1534 1178 (Eam)
1554 1140 1652 1181 fuisse
1672 1150 1743 1181 erya
1762 1150 1810 1171 me
1830 1141 1911 1171 miro

259 1189 385 1230 inyem‘o
404 1192 547 1230 expertus
566 1200 648 1220 sum.
692 1191 751 1221 499
771 1189 842 1220 Non
864 1189 979 1220 credidi
997 1189 1101 1229 edepol
1120 1192 1214 1224 (eum)
1234 1189 1308 1219 adeo
1327 1188 1541 1220 inhumanum
1559 1189 1632 1229 fore.
1666 1190 1725 1221 617
1743 1188 1836 1219 Credo
1853 1213 1860 1220 .
1879 1213 1886 1220 .
1907 1213 1914 1219 .

261 1241 335 1275 (eas)
356 1238 515 1268 concordes
531 1262 537 1267 .
554 1261 561 1268 .
578 1262 584 1268 .
600 1237 674 1277 fore.
715 1239 776 1269 638
798 1237 902 1267 Sensit
923 1240 1014 1274 (eam)
1032 1238 1194 1277 peperisse.
1237 1238 1295 1268 641
1317 1236 1423 1276 Neque
1437 1240 1528 1274 (eam)
1541 1237 1639 1276 fuisse
1648 1239 1841 1277 praeynatem
1857 1261 1864 1267 .
1881 1261 1888 1267 .
1907 1261 1914 1268 ,

261 1286 351 1316 sciui.
395 1287 454 1317 657
480 1285 569 1322 Quod
588 1288 679 1322 (eam)
699 1286 808 1315 celasse
827 1285 975 1324 intelleyo.
1019 1286 1079 1316 822
1100 1293 1148 1323 sq.
1171 1284 1305 1315 Memini
1324 1287 1419 1321 (eum)
1441 1308 1448 1315 .
1471 1308 1478 1315 .
1499 1308 1506 1314 .
1526 1285 1686 1324 confuyere
1706 1284 1910 1315 anhelantem.

262 1334 325 1365 Ad.
351 1335 411 1365 270
432 1333 507 1370 (Me)
528 1333 627 1373 facere
647 1333 810 1363 existimes.
854 1334 914 1364 359
941 1332 1033 1363 Credo
1054 1335 1149 1369 (eum)
1169 1332 1344 1363 abductum.
1388 1333 1445 1364 401
1468 1332 1578 1370 (Eum)
1598 1332 1719 1372 aliquid
1736 1332 1809 1362 ruri
1827 1342 1913 1372 aqere
1933 1368 1936 1370 ¹

261 1381 404 1412 arbitror.
459 1382 518 1412 402
541 1380 633 1411 Satin
653 1381 713 1411 scis
734 1383 829 1417 (eum)
848 1380 894 1410 ibi
913 1381 995 1411 esse?
1039 1381 1099 1412 518
1124 1380 1231 1420 Operis
1250 1380 1372 1420 aliquid
1391 1383 1485 1418 (eum)
1505 1380 1604 1420 facere
1623 1380 1717 1411 credo.
1762 1381 1821 1412 750
1841 1380 1904 1417 (Te)

262 1429 422 1468 facturum
442 1429 537 1459 credo,
581 1430 641 1460 826
662 1437 710 1467 sq.
735 1428 896 1468 Confidam
918 1431 989 1465 (eos)
1010 1428 1077 1468 fore
1096 1428 1142 1458 ita
1162 1430 1198 1458 ut
1218 1428 1374 1459 uolumus.

360 1477 422 1508 Hic
444 1479 544 1516 atque
565 1477 637 1508 aliis
658 1477 772 1516 paucis
793 1477 872 1508 locis
894 1485 983 1516 pron.
1005 1476 1182 1508 demonstr.
1204 1477 1362 1508 omissum
1383 1478 1436 1508 est
1457 1477 1544 1516 apud
1564 1484 1652 1516 pron.
1665 1476 1766 1508 relat.:
1786 1476 1911 1508 Phorm.

264 1527 283 1556 4
304 1534 352 1564 sq.
374 1524 515 1564 Dictitat,
535 1535 613 1564 quas
633 1524 762 1555 antehac
781 1524 853 1564 fecit
873 1524 1005 1564 fabulas,
1027 1524 1114 1554 tenui
1133 1534 1194 1554 esse
1214 1524 1358 1554 oratione.
