2181 2783
961 142 1094 174 --9..

295 218 376 250 Eun.
401 219 416 249 1
436 225 487 256 sq.
523 215 588 253 Qui
613 215 734 256 plaeere
762 225 796 246 se
824 215 961 247 studeat
990 214 1080 246 bonis
1107 224 1204 255 quam
1229 215 1381 255 plurimis
1400 218 1429 245 et
1449 215 1580 246 minime
1599 215 1713 246 multos
1737 215 1852 246 laedere.

199 265 327 299 Phorm.
348 262 1098 303 767Dieinosbonosstudemueetbeniynos.

295 313 376 346 Eun.
397 313 459 345 248
488 310 548 343 En
573 319 675 352 ymas
703 310 879 351 hominum,
908 310 967 351 qui
984 320 1047 342 esse
1062 310 1187 352 primos
1205 320 1238 342 se
1256 309 1401 342 omnium
1421 319 1528 342 rerum
1547 310 1671 343 uolunt.
1711 311 1774 344 Ad.
1795 311 1856 344 504

208 361 269 393 Uos
288 361 384 393 uoltis
398 359 558 401 perhiberi
571 358 695 399 probos.
849 377 853 380 -

295 408 376 441 Eun.
397 409 438 440 66
458 406 546 438 Mori
563 415 613 437 me
632 406 754 439 malim.

529 480 557 517 r)
578 477 707 511 Verba
726 478 950 518 incipiendi,
971 478 1168 518 pergendi,
1191 478 1394 510 desinendi
1415 478 1527 510 simil.

295 538 376 570 Eun.
400 538 458 570 116
479 537 593 577 Coepit
612 536 747 568 studiose
766 536 874 567 omnia
893 535 1004 567 docere.
1047 537 1106 569 261
1130 539 1229 568 Homo
1249 536 1347 577 coepit
1367 546 1416 567 me
1435 536 1598 567 obsecrare.
1641 537 1700 568 424
1713 545 1762 577 sq.
1781 536 1853 568 Coe-

194 586 247 627 pit
266 586 308 617 ad
325 585 361 616 id
379 584 524 616 adludere
542 587 572 615 et
591 594 640 616 me
659 584 804 616 inridere.
848 585 909 616 568
928 585 1044 615 Amare
1063 584 1156 625 coepi.
1200 585 1260 617 586
1281 584 1410 625 qumet
1429 594 1550 625 quoque
1568 584 1605 615 id
1615 587 1748 625 spectare
1760 585 1853 626 coepi.

199 635 260 666 629
280 642 352 672 sqq.
381 633 473 673 Coepi
492 635 605 672 eqomet
625 642 746 663 mecum
766 632 849 663 inter
868 632 962 663 uias.
981 657 987 663 .
1006 656 1012 663 .
1028 632 1126 663 aliam
1147 642 1213 663 rem
1227 642 1270 663 ‘ex
1289 633 1354 663 alia
1372 633 1511 672 coyitare.
1553 634 1614 664 973
1636 632 1741 663 Satias
1760 633 1856 674 eoepit

198 681 279 722 fieri.
333 681 454 714 Heaut.
475 681 516 713 97
546 681 663 712 Amare
693 674 799 721 coepit.
852 681 893 713 99
913 688 985 720 sqq,
1016 679 1108 721 Coepi
1128 690 1192 711 non
1212 680 1399 711 humanitus
1418 690 1516 720 neque
1536 682 1572 711 ut
1592 680 1737 711 animum
1756 681 1856 712 decutit

198 731 348 770 aeyrotum
367 729 591 761 adulescentuli
611 731 750 760 tractare.
798 729 854 761 128
874 728 951 760 Haec
969 728 1054 769 coepi
1073 729 1213 769 eoyitare.
1257 730 1316 760 447
1341 728 1445 769 Coepit
1464 728 1586 760 uictum
1605 729 1694 770 uolgo
1710 739 1852 769 quaerere.

198 778 258 810 885
294 776 433 808 Gaudere
457 777 530 808 adeo
554 777 660 817 coepit.
702 777 830 809 Phorm.
853 777 892 808 75
915 776 1008 817 Coepi
1026 776 1198 808 aduersari.
1243 778 1282 809 78
1306 776 1398 817 Coepi
1416 777 1461 807 eis
1480 777 1588 808 omnia
1607 777 1715 816 facere,
1734 776 1856 817 obsequi

197 835 268 866 quce
287 825 411 856 uellent.
453 826 494 857 82
514 824 608 856 Hane
626 834 733 856 amare
752 825 859 865 eoepit.
905 826 961 856 111
982 824 1099 856 Amare
1118 825 1224 865 coepit.
1267 826 1328 857 868
1353 825 1405 855 Ita
1423 825 1570 856 animum
1590 825 1676 865 coepi
1693 825 1853 856 attendere.

198 874 277 906 Hoc.
302 875 340 906 18
360 873 495 904 Easdem
514 883 602 914 ayere
621 873 715 914 coepi.
758 874 799 905 33
819 873 902 904 Eam
922 883 1009 913 agere
1028 873 1122 914 coepi.
1166 875 1205 905 37
1234 873 1338 904 Uetere
1358 874 1394 904 in
1414 883 1500 904 noua
1519 874 1604 914 coepi
1622 873 1673 904 uti
1691 875 1853 905 consuetu-

197 922 278 952 dine.
324 922 381 953 179
417 921 523 952 Odisse
552 922 649 961 coepit
671 921 855 952 Sostratam.
898 922 958 953 268
986 921 1028 952 Ui
1046 922 1133 962 coepi
1151 931 1252 961 coyere
1272 924 1309 951 ut
1329 921 1448 952 rediret.
1492 923 1551 953 827
1576 921 1667 962 Coepi
1685 922 1802 952 instare
1821 925 1857 952 ut

198 969 289 1001 dicat.
331 969 394 1002 Ad.
416 970 476 1002 407
500 968 604 1010 Coepit
624 969 766 1000 clamare.
808 968 904 1002 Nullo
924 969 1023 1009 igitur
1042 969 1112 1002 loco
1133 969 1260 1002 dicendi
1281 977 1383 1009 genus
1403 971 1456 1001 est
1480 969 1555 1001 huic
1579 969 1728 1002 Plautino
1742 977 1853 1010 cogna·

200 1020 287 1050 tum:
308 1017 391 1050 Men.
414 1019 473 1050 718
493 1017 583 1059 “Iure
604 1019 744 1057 coepta
765 1017 964 1057 appelles-ist
985 1017 1110 1050 canes“.

295 1065 423 1097 Phorm.
445 1066 505 1097 589
537 1064 643 1105 Neque
673 1065 850 1097 defetiscar
879 1074 977 1105 usque
1003 1065 1077 1096 adeo
1101 1065 1278 1106 experirier.
1322 1066 1375 1096 Ad
1396 1065 1476 1105 perf.
1498 1067 1630 1105 tempus
1651 1074 1689 1098 se
1710 1066 1855 1106 adiungit

200 1113 366 1146 ablativus
397 1122 472 1154 gen,
504 1122 569 1146 non
598 1114 789 1154 infinitivus,
797 1114 818 1145 ¹)
844 1114 915 1146 sive
937 1115 990 1146 est
1011 1122 1148 1146 oausam
1170 1114 1373 1154 significandi
1394 1114 1465 1147 sive
1485 1114 1754 1147 instrumentum:
1775 1115 1853 1147 Eun.

203 1163 280 1194 1008
313 1161 442 1202 Defessa
467 1162 533 1192 iam
559 1171 631 1192 sum
656 1162 771 1193 misera
792 1164 819 1192 te
838 1162 975 1193 ridendo.
1019 1162 1081 1194 Ad.
1103 1164 1162 1194 213
1184 1162 1250 1202 Eyo
1271 1162 1461 1202 imputando,
1483 1163 1533 1193 ille
1553 1162 1740 1193 uerberando
1759 1173 1855 1203 usque

199 1210 290 1242 ambo
310 1210 423 1251 defessi
441 1220 563 1241 sumus.

296 1259 397 1291 Andr.
420 1260 459 1290 22
480 1267 528 1298 sq.
556 1259 717 1291 Desinant
737 1259 817 1290 male
837 1259 942 1290 dicere.
986 1259 1066 1291 Eun.
1090 1260 1128 1291 16
1148 1258 1281 1290 Desinat
1302 1260 1451 1290 lacessere.
1495 1259 1575 1292 Hec.
1596 1260 1657 1291 810
1677 1259 1856 1291 Percontari

199 1307 330 1338 desinas.
376 1307 492 1345 [Plaut.
513 1307 609 1339 Most.
631 1307 747 1347 IV,2,10
767 1307 918 1339 Desitum
938 1309 992 1339 est
1013 1315 1089 1339 esse
1110 1309 1144 1339 et
1164 1307 1250 1344 bibi]

295 1354 396 1387 Andr.
418 1355 479 1387 660
499 1363 548 1393 sq.
580 1354 766 1395 Numquam
797 1355 927 1387 destitit
957 1355 1085 1386 instare.
1138 1355 1259 1387 Heaut.
1281 1356 1341 1387 879
1372 1354 1492 1385 Desiste
1519 1355 1651 1395 inquam
1671 1356 1747 1395 deos,
1768 1366 1854 1396 taor,

197 1402 385 1442 yratumndo
414 1402 590 1442 optundere.
644 1402 724 1434 Heo.
749 1403 807 1434 104
827 1411 876 1441 sq.
907 1402 976 1433 Hoc
999 1403 1215 1443 percontarier
1243 1402 1361 1433 desiste.
1393 1420 1423 1425 -
1456 1403 1535 1434 Hec.
1557 1404 1616 1434 381
1640 1403 1731 1434 Hanc
1749 1404 1855 1435 habere

199 1449 371 1480 orationem
402 1458 521 1480 meum
547 1449 708 1490 principio
732 1449 863 1481 institit.
905 1450 1032 1482 Phorm.
1057 1451 1115 1482 192
1140 1449 1210 1486 Qua
1230 1459 1366 1490 quoerere
1386 1450 1535 1480 insistam
1554 1450 1645 1480 uimn
1665 1451 1855 1488 (insistam

200 1497 301 1529 uiam
321 1497 355 1529 in
376 1506 476 1529 unam
496 1497 662 1530 notionem
683 1497 883 1538 coaluerunt,
906 1506 924 1530 e
946 1506 1011 1537 qua
1031 1498 1212 1530 infinitivus
1230 1497 1387 1540 pendeo?
1413 1516 1444 1521 -
1468 1498 1548 1530 Eun.
1573 1499 1610 1530 19
1631 1498 1682 1529 Ita
1701 1501 1738 1529 ut
1756 1498 1854 1539 facere

199 1545 354 1576 instituit

296 1593 375 1626 Hec.
397 1594 455 1626 361
478 1602 527 1633 sq.
553 1592 675 1634 Nequeo
702 1603 842 1624 mearum
863 1603 968 1624 rerum
989 1593 1122 1625 initium
1143 1593 1246 1624 ullum
1265 1593 1412 1624 inuenire
1431 1593 1587 1631 idoneum
1608 1594 1690 1625 unde
1709 1595 1855 1627 exordiar

199 1651 339 1673 mamre.

295 1689 397 1721 Andr.
419 1689 478 1721 493
511 1688 587 1720 Tam
607 1691 710 1730 aperte
733 1688 841 1729 fallere
860 1689 998 1729 incipias
1018 1689 1118 1720 dolis?
1160 1690 1218 1722 821
1243 1689 1329 1721 Satzs
1345 1689 1458 1730 pericli
1477 1689 1581 1730 incepi
1599 1690 1692 1721 adire.
1735 1690 1854 1723 Heaut.

201 1739 260 1770 495
292 1737 427 1768 Sensisti
455 1737 526 1768 illos
550 1747 599 1768 me
619 1737 754 1777 incipere
773 1737 889 1777 fallere.
917 1755 948 1760 —
973 1738 1074 1770 Andr.
1096 1739 1157 1769 504
1176 1737 1317 1768 Narrare
1337 1738 1456 1778 occepi.
1498 1739 1578 1770 Eun.
1603 1739 1659 1770 125
1680 1738 1731 1768 Me
1749 1748 1854 1769 amare

199 1787 359 1825 occeperat.
402 1786 463 1816 636
488 1784 597 1824 Occepi
615 1794 736 1815 mecum
757 1784 896 1824 coyitare.
939 1785 1059 1816 Heaut.
1082 1787 1142 1816 319
1162 1785 1302 1816 Narrare
1323 1786 1442 1825 occipit.
1478 1786 1605 1817 Phorm.
1618 1787 1676 1817 862
1697 1786 1737 1816 In
1748 1796 1854 1826 qynoe-

199 1843 288 1864 ceum
316 1832 362 1864 ire
392 1832 516 1873 occipio.
570 1832 648 1865 Hec.
674 1833 731 1865 116
766 1832 862 1863 Orare
882 1832 1000 1873 occipit.
1054 1833 1116 1865 Ad.
1142 1834 1198 1865 197
1223 1831 1371 1864 Insanire
1390 1833 1548 1874 occipiunt
1568 1843 1605 1864 νας
1623 1833 1753 1865 iniuria.
1795 1835 1854 1866 327

200 1881 316 1911 Amare
336 1881 449 1920 occepit
468 1881 575 1911 aliam.
616 1882 676 1912 633
701 1880 830 1910 Paltare
850 1880 938 1911 hasce
957 1881 1082 1921 occipio
1125 1882 1178 1912 Ad
1199 1882 1445 1913 similitudinem
1467 1890 1588 1921 eorum,
1610 1891 1683 1920 quae
1703 1883 1735 1913 in
1756 1883 1853 1914 verbo

201 1928 379 1968 coepisse
409 1935 485 1960 cum
515 1927 570 1959 inf.
602 1928 729 1967 passivi
759 1928 896 1968 passiva
927 1928 1163 1968 significatione
1194 1929 1330 1969 praedIto
1363 1929 1585 1961 connectendo
1610 1930 1676 1960 iam
1697 1938 1717 1961 a
1737 1930 1852 1969 priscis

201 1976 413 2016 scriptoribus
435 1976 563 2016 prolata
583 1976 801 2016 inveniuntur,
822 1977 893 2008 haec
913 1977 1056 2009 formata
1077 1978 1130 2009 est
1151 1977 1346 2009 enuntiatio:
1372 1977 1451 2009 Eun.
1473 1978 1512 2009 22
1538 1977 1692 2017 Occeptast
1711 1977 1770 2017 aqi.

296 2025 398 2056 Andr.
419 2025 480 2055 522
500 2024 602 2062 Perge
621 2024 729 2064 faeere.
773 2025 834 2056 920
855 2024 894 2055 Si
911 2025 994 2055 mihi
1008 2027 1113 2064 peryet
1133 2034 1203 2064 quae
1223 2025 1289 2055 uolt
1309 2025 1415 2055 dicere.
1459 2025 1538 2056 Eun.
1562 2026 1609 2064 18,
1630 2027 1702 2064 817;
1734 2025 1853 2057 Heaut.

201 2074 269 2114 237,
291 2073 360 2113 930,
384 2073 476 2113 1006;
497 2072 625 2104 Phorm.
649 2073 717 2113 194,
739 2073 808 2113 372,
830 2073 899 2113 641,
920 2073 990 2113 847,
1011 2074 1080 2113 867,
1102 2074 1170 2113 937,
1192 2074 1265 2113 996;
1286 2072 1349 2104 Ad.
1374 2073 1440 2104 181.

296 2121 398 2152 Andr.
419 2121 478 2152 827
501 2120 540 2150 Si
559 2120 676 2160 coyites,
696 2121 848 2152 remittas
869 2121 935 2150 iam
954 2131 1003 2151 me
1023 2131 1150 2151 onerare
1170 2121 1311 2151 inim-iis.

261 2200 290 2239 ὃ)
322 2200 452 2234 Verba
472 2208 555 2240 quae
576 2200 702 2233 solere
723 2200 890 2240 aliquem
910 2200 972 2233 vel
992 2200 1216 2234 insuevisse
1238 2200 1384 2240 aliquid
1406 2201 1536 2234 facere
1556 2200 1791 2240 significant.

295 2261 358 2293 Ad.
380 2261 420 2292 55
445 2260 508 2297 Qui
527 2260 656 2291 mentiri
675 2262 732 2291 aut
751 2260 858 2299 fallere
877 2261 1016 2293 insuerit
1035 2263 1165 2300 patrem.

305 2360 325 2392 ¹)
343 2359 457 2386 Plautus
476 2359 541 2386 alias
559 2359 608 2385 inf.
627 2359 692 2385 alias
711 2358 763 2385 abl.
782 2366 835 2392 ger.
853 2357 971 2385 adhibet.
