2181 2783
195 386 249 445 D.
309 388 433 445 Ace.
471 404 612 444 cum
649 387 749 445 inf.
775 389 1197 459 epexegeticus
1222 389 1320 447 vel
1347 408 1451 460 pro
1478 392 1841 462 appositione

825 505 1215 576 accipiendus.

271 672 336 713 >De
355 672 416 704 hoc
437 657 617 713 affusativi
638 681 712 704 cum
733 673 788 704 inf.
811 682 873 704 usu
893 673 949 704 illa
969 674 1166 713 demonstro,
1188 682 1261 712 quae
1282 683 1382 713 supra
1403 677 1482 706 sunt
1503 676 1543 707 de
1557 677 1702 708 eiusdem
1716 678 1840 715 generis

193 728 262 761 solo
282 728 337 760 inf.
359 728 469 760 allata.

288 801 389 833 Andr.
413 802 471 833 144
491 809 539 840 sq.
574 801 745 833 Clamitans
771 802 934 841 indignum
960 802 1082 841 facinus
1108 803 1293 841 comperisse.
1315 803 1519 842 Pamphilum
1533 812 1596 842 pro
1614 812 1709 835 uvore
1728 805 1834 836 habere

191 850 270 881 hanc
288 850 497 889 pereyrinam.
552 850 609 881 180
638 850 678 880 Id
697 850 802 888 uoluit,
822 858 877 881 nos
896 851 939 880 sic
958 851 1162 889 necopinantis
1181 851 1251 881 duci
1270 851 1349 890 falso
1367 851 1490 890 gaudio.
1543 852 1603 882 220
1627 860 1675 890 sq.
1703 852 1840 892 Finyunt

191 897 351 937 quamiam
381 898 460 929 inter
489 906 521 928 se
550 906 631 928 nune
654 898 823 937 fallacum,
844 898 941 929 ciuem
962 898 1097 928 Atticam
1117 907 1186 929 esse.
1229 899 1285 930 281
1314 899 1416 930 Unum
1437 899 1489 930 hoc
1508 900 1576 935 seio,
1598 899 1677 930 hane
1696 902 1836 932 meritam

191 954 260 977 esse.
312 947 372 977 409
402 954 472 984 sqq.
508 945 600 976 Crede
629 946 758 985 inquam
788 946 841 977 hoo
864 945 952 983 mihi,
977 946 1149 985 Pamphile,
1170 955 1343 985 numquam
1363 947 1449 977 hodie
1470 949 1564 977 tecum
1584 950 1839 979 commumturum

185 995 310 1032 patrem
337 1002 436 1024 unum
456 1002 518 1024 esse
536 993 674 1031 uerbum,
699 994 728 1023 si
749 995 774 1023 te
793 994 873 1024 dices
893 994 1007 1024 ducere.
1050 995 1110 1025 426
1130 1002 1178 1032 sq.
1216 994 1330 1024 Uerum
1361 994 1440 1024 illud
1469 995 1634 1031 verbumst,
1656 996 1741 1033 uolyo
1760 997 1840 1034 quod

191 1041 252 1072 dici
281 1041 360 1079 solet,
391 1041 491 1072 omnis
519 1041 579 1071 sibi
602 1041 695 1071 malle
715 1041 825 1071 melius
844 1049 906 1071 esse
925 1049 1021 1079 quam
1041 1041 1139 1072 alteri.
1181 1042 1239 1072 497
1274 1041 1389 1072 Credon
1421 1042 1474 1072 tibi
1503 1042 1556 1072 hoc
1585 1051 1666 1072 nune
1689 1044 1840 1081 peperisse

190 1089 277 1120 hanc.
330 1089 389 1120 506
418 1088 485 1119 Hoc
515 1097 565 1127 eqo
594 1089 655 1119 scio
684 1097 791 1126 unum,
823 1089 974 1119 neminem
1003 1089 1153 1127 peperisse
1182 1089 1239 1119 hic.
1291 1090 1343 1120 67ยน
1376 1098 1425 1128 sq.
1456 1089 1529 1120 Nisi
1559 1090 1588 1119 si
1607 1090 1641 1120 id
1655 1092 1778 1128 putas.
1800 1115 1807 1122 .
1831 1115 1838 1122 .

190 1145 250 1167 nam
273 1145 363 1176 posse
392 1137 459 1167 iam
489 1136 532 1167 ad
558 1136 688 1167 salutem
709 1136 841 1166 conuerti
860 1136 913 1167 hoc
932 1136 1062 1167 malum.
1098 1137 1157 1167 835
1181 1136 1221 1167 Id
1244 1145 1391 1167 maxume
1410 1137 1519 1174 utilest,
1547 1137 1637 1167 illum
1665 1146 1726 1168 esse
1745 1147 1838 1176 quam

190 1185 409 1216 deterrumum.
459 1185 519 1216 883
549 1193 598 1223 sq.
629 1184 680 1215 Ita
709 1185 852 1215 animum
882 1184 1006 1215 induxti
1038 1186 1128 1222 mmm,
1160 1184 1240 1224 quod
1269 1193 1392 1224 cuperes
1416 1185 1520 1224 aliquo
1533 1186 1624 1224 pacto
1643 1185 1838 1224 efficiundum

191 1233 252 1264 tibi.
304 1231 398 1264 Eun.โด
415 1234 434 1263 5
465 1241 513 1270 sq.
545 1232 596 1263 Sic
626 1232 782 1269 existimet,
813 1241 1001 1270 responsum,
1032 1241 1092 1263 non
1118 1233 1234 1263 dictum
1264 1242 1334 1264 esse.
1389 1233 1447 1263 114
1467 1241 1515 1271 sq.
1537 1232 1603 1263 Hoc
1621 1233 1777 1264 addebat.
1799 1258 1807 1265 .
1829 1258 1835 1264 .

189 1288 220 1311 se
250 1279 374 1311 audisse
403 1280 562 1319 abreptam
582 1287 598 1309 e
618 1278 721 1310 Sunio.
766 1280 824 1310 199
854 1287 924 1317 sqq.
957 1280 1027 1316 (hoc
1058 1282 1147 1310 certo
1173 1280 1261 1318 scio),
1289 1281 1347 1310 275
1369 1288 1417 1318 sq.
1440 1281 1511 1317 (hoc
1532 1288 1617 1310 nuuc
1648 1280 1747 1318 dieis),
1778 1282 1838 1312 660

190 1337 238 1366 sq.
269 1328 340 1365 (hoc
371 1328 539 1366 suspicor),
572 1328 630 1358 724
661 1327 704 1364 (id
736 1327 806 1365 dic),
839 1328 898 1358 778
929 1336 978 1366 sq.
1006 1328 1173 1365 (uirtutem
1199 1337 1353 1359 noueram
1382 1331 1416 1359 et
1437 1328 1524 1366 uim),
1556 1328 1615 1359 877
1646 1336 1694 1367 sq.
1727 1331 1836 1366 (unum

189 1375 250 1406 hoc
280 1375 383 1413 scito),
415 1376 475 1406 998
505 1383 554 1412 sq.
589 1375 631 1411 (id
663 1374 808 1412 gaudeo),
832 1374 910 1405 1069
932 1382 980 1412 sq.
1005 1375 1146 1411 (credere
1167 1376 1247 1411 hoc).
1290 1375 1408 1406 Heaut.
1432 1376 1492 1405 324
1513 1375 1555 1411 (id
1577 1378 1746 1414 saperest),
1778 1377 1834 1406 471

189 1430 238 1462 sq.
270 1422 432 1460 (subsensi
463 1422 516 1461 id),
548 1423 607 1453 478
635 1430 683 1460 sq.
714 1423 816 1460 (tuom
844 1421 987 1453 animum
1009 1422 1224 1462 intellexerit),
1246 1423 1305 1454 632
1326 1431 1374 1461 sq.
1399 1422 1442 1460 (id
1463 1422 1551 1461 scio),
1574 1423 1632 1454 749
1652 1430 1700 1461 sq.
1722 1423 1835 1460 (uicem

189 1471 323 1501 miseret
353 1472 426 1509 me),
457 1471 517 1501 922
542 1478 591 1508 sq.
613 1470 656 1507 (id
676 1469 890 1508 flagitiumst),
911 1470 972 1515 973
992 1478 1041 1507 sq.
1065 1473 1149 1508 (quae
1173 1471 1274 1501 istast
1295 1471 1442 1509 prauitas
1464 1478 1579 1508 quaeue
1601 1470 1744 1501 amentia
1763 1473 1835 1509 est),

191 1517 269 1548 1028
299 1525 348 1556 sq.
382 1517 478 1554 (istuc
504 1517 537 1547 in
567 1517 711 1547 animum
738 1516 895 1552 inducas).
947 1516 1074 1548 Phorm.
1107 1518 1145 1548 16
1172 1525 1221 1556 sq.
1250 1520 1455 1555 (responsum
1483 1518 1544 1548 hoc
1572 1517 1711 1552 habeat).
1756 1517 1833 1549 Hec.

190 1565 248 1596 155
279 1573 328 1604 sq.
356 1565 426 1602 (hoc
458 1564 663 1603 cognouerit),
696 1564 754 1595 277
786 1572 834 1603 sq.
868 1564 927 1601 (ita
959 1564 1104 1595 animum
1134 1564 1351 1604 induxerunt),
1376 1565 1435 1596 677
1467 1572 1515 1603 sq.
1549 1565 1643 1602 (hanc
1664 1564 1743 1595 dixti
1763 1573 1834 1595 cau-

188 1615 282 1652 sam),
314 1614 370 1644 751
404 1621 451 1651 sq.
484 1613 527 1650 (id
558 1612 742 1651 pollicerer),
774 1612 833 1643 845
864 1620 912 1650 sq.
945 1612 1004 1649 (sic
1035 1615 1069 1643 te
1097 1612 1190 1650 dixe),
1217 1613 1277 1643 870
1298 1621 1346 1651 sq.
1379 1613 1437 1649 (ita
1469 1613 1570 1648 dixit).
1622 1613 1684 1643 Ad.
1708 1614 1766 1643 258
1786 1621 1834 1651 sq.

189 1664 300 1699 (unam
331 1661 414 1692 hanc
446 1662 536 1700 rem),
562 1661 622 1691 272
643 1660 713 1698 (hoc
734 1660 811 1691 mihi
832 1659 939 1699 dolet),
961 1661 1020 1691 568
1041 1660 1138 1697 (idem
1158 1660 1280 1699 sentit),
1303 1661 1362 1691 594
1390 1669 1439 1699 sq.
1467 1660 1526 1698 (ita
1547 1662 1685 1699 putant),
1706 1661 1764 1691 599
1784 1669 1832 1699 sq.

189 1709 293 1747 (istaec
314 1709 428 1741 eadem
450 1709 561 1748 dicas),
583 1709 642 1740 803
663 1717 711 1747 sq.
734 1710 842 1746 (uetus
864 1708 999 1739 uerbum
1019 1707 1079 1739 hoc
1101 1707 1286 1747 quidemst),
1308 1709 1368 1739 992
1389 1716 1460 1747 sqq.
1482 1708 1525 1746 (id
1547 1708 1664 1744 uoltis).

283 1757 406 1789 Eadem
436 1757 512 1797 fere,
544 1765 617 1796 quae
648 1765 720 1796 pag.
754 1757 792 1787 13
823 1756 863 1787 de
893 1756 1019 1787 Phorm.
1051 1756 1110 1787 237
1135 1764 1184 1794 sq.
1207 1756 1357 1795 diximus,
1378 1757 1479 1788 etiam
1500 1756 1540 1787 de
1560 1757 1611 1787 his
1632 1756 1709 1787 locis
1731 1756 1834 1787 dicere

187 1813 377 1843 possumus:
409 1805 488 1836 Eun.
520 1806 560 1836 34
591 1804 690 1834 Seisse
713 1814 783 1840 sese,
810 1804 844 1833 id
862 1813 936 1833 uero
951 1805 1108 1843 perneqat.
1151 1804 1271 1835 Heaut.
1293 1805 1353 1835 874
1373 1803 1440 1843 Eyo
1461 1814 1508 1834 me
1528 1813 1592 1833 non
1613 1806 1676 1833 tam
1696 1806 1834 1833 astutum

187 1862 284 1893 neque
313 1852 360 1883 ita
385 1852 592 1892 perspicacem
623 1861 684 1882 esse
713 1851 748 1882 id
773 1851 843 1881 scio.
887 1851 964 1883 Hec.
987 1852 1046 1883 476
1065 1860 1162 1890 neque
1181 1860 1250 1881 mea
1269 1851 1361 1891 eulpa
1381 1851 1436 1881 hoe
1455 1851 1621 1888 disc-ulium
1641 1851 1782 1889 eraenisse,
1802 1851 1836 1880 id

188 1902 279 1931 testor
298 1900 376 1931 deos.
419 1900 481 1931 Ad.
504 1901 563 1931 682
584 1899 636 1930 Me
655 1899 710 1930 hoc
729 1899 871 1930 delutum
892 1898 1054 1929 admisisse
1073 1898 1110 1929 in
1130 1908 1186 1937 me,
1205 1898 1240 1929 id
1259 1899 1339 1929 mihi
1358 1898 1549 1929 uehementer
1568 1898 1654 1929 dolet.
