2181 2783
1047 178 1178 210 „2-

372 251 474 282 Andr.
497 251 555 283 311
580 250 693 282 Omnia
714 251 850 290 experiri
871 252 1029 283 certumst
1041 252 1138 291 prius
1158 260 1255 291 quam
1270 260 1371 292 pereo.
1412 252 1493 284 Eun.
1518 252 1575 284 188
1597 251 1649 283 Ita
1667 251 1767 292 facere
1786 250 1940 282 Μίνωι.
1963 263 1968 268 ·

277 299 337 330 269
367 299 554 330 Nebulonem
584 300 665 331 hunc
691 301 838 330 certumst
858 299 969 330 ludere.
1012 300 1072 331 388
1095 299 1250 331 Certumst
1267 302 1375 339 facere.
1416 299 1538 332 Heaut.
1560 300 1621 332 466
1641 307 1690 339 sq.
1715 298 1869 331 Oerwmst
1887 298 1942 330 tibi

275 348 320 378 sic
338 348 446 387 facere.
488 347 616 379 Phorm.
639 348 697 379 551
720 356 769 386 sq.
794 347 949 379 Certumst
960 348 1106 386 persequi
1127 349 1184 379 aut
1196 348 1312 387 perire.
1354 347 1433 379 Hoc.
1456 348 1516 380 402
1536 347 1672 380 Ser-aare
1691 348 1726 379 in
1745 355 1777 378 eo
1796 347 1942 378 certumst

276 395 357 434 quod
377 395 446 426 dixi
466 395 569 434 fidem.
611 395 674 426 Ad.
697 396 755 426 717
777 403 826 434 sq.
848 395 941 426 Nunc
960 404 1033 426 uero
1054 395 1139 426 domi·
1159 397 1276 427 certum
1296 395 1431 426 obsidere
1451 397 1502 428 est.

371 443 499 475 Phorm.
525 444 602 475 1026
623 443 799 483 Eoesequias
823 443 974 474 Chremeti
994 444 1105 483 quibus
1125 445 1169 475 est
1189 443 1396 475 commodum
1416 444 1471 482 ire,
1491 452 1540 475 em
1555 445 1674 484 tempus
1688 445 1739 476 est.
1780 443 1840 475 603
1858 442 1940 474 Com-

275 492 399 522 modius
419 500 481 523 esse
501 493 609 531 opinor
629 492 746 530 duplici
766 500 818 530 spe
838 492 927 523 utier.
965 509 995 513 -
1021 492 1100 523 Hec.
1126 493 1183 523 153
1203 492 1269 523 Hoc
1289 500 1340 531 eqo
1354 492 1499 532 proferre
1519 492 1761 525 incommodum
1780 491 1860 523 mihi
1879 499 1942 522 esse

276 540 422 571 arbitror.
465 540 523 571 417
544 539 709 579 Nauiyare
729 539 993 571 incommodumst.

373 588 500 620 Phorm.
530 589 590 620 438
617 597 666 628 sq.
699 587 735 620 Si
757 589 789 620 tu
809 588 900 620 illam
921 588 1060 628 attiqeris
1080 596 1165 620 secus
1185 597 1282 628 quam
1303 588 1466 628 dignumst
1486 588 1616 621 liberam
1637 588 1817 629 (adimere),
1838 587 1942 621 duam

278 637 332 668 tibi
352 636 516 676 inpinyam
535 636 698 676 arandem.

373 684 453 716 Eun.
476 685 536 716 260
557 693 605 724 sq.
632 684 722 716 Uidet
740 684 819 715 mihi
839 693 901 716 esse
923 686 1044 716 tantum
1065 684 1208 716 honorem
1228 686 1258 716 et
1277 686 1341 715 tam
1363 684 1458 716 facile
1478 685 1596 716 uictum
1616 693 1762 724 quaerere.
1803 684 1866 716 Ad.
1881 684 1941 716 862

276 733 316 763 Id
335 741 397 764 esse
417 742 529 764 uerum
550 742 588 764 ea:
608 742 657 764 me
677 735 767 772 atque
787 742 825 764 ex
844 733 944 773 fratre
964 733 1065 764 cuiuis
1084 733 1174 773 facile
1194 735 1239 765 est
1256 742 1382 765 noscere.
1431 733 1552 771 [Aliam
1573 733 1851 765 constructionem
1871 732 1941 764 haec

277 782 539 813 commonstrant
571 781 734 821 exempla:
767 781 846 813 Hec.
880 782 939 813 277
970 781 1042 812 Non
1068 781 1158 821 facile
1182 783 1225 812 est
1249 782 1434 821 eepuryatu.
1476 782 1536 813 296
1564 781 1673 812 Ouiuis
1693 781 1783 821 facik
1802 782 1880 812 scitu
1899 782 1944 812 est

276 837 373 868 quam
403 829 520 869 fuerim
549 829 654 861 miser.
707 829 835 861 Phorm.
867 830 928 860 300
959 829 1050 860 Nihil
1070 831 1115 860 est
1134 829 1217 860 dictu
1237 829 1383 869 facilius]
1410 846 1440 851 —
1465 829 1567 861 Andr.
1590 829 1647 860 211
1673 829 1730 860 Oui
1750 829 1846 862 uerba
1866 829 1942 861 dare

279 877 446 909 difficilest.

374 925 454 956 Hec.
478 927 515 956 71
538 934 587 964 sq.
612 926 727 956 Tamen
741 926 798 964 pol
818 926 945 956 eandem
967 926 1120 957 iniurium
1141 928 1186 957 est
1204 935 1266 957 esse
1286 927 1435 958 omnibus.
1476 926 1638 957 Iniurium
1658 927 1762 957 autem
1782 927 1827 958 est
1838 926 1943 957 ulcisci

276 973 499 1005 aduersarios?

374 1021 436 1052 Ad.
462 1022 520 1053 180
540 1022 620 1053 Ante
641 1021 721 1053 aedes
741 1030 802 1053 non
821 1022 924 1061 fecisse
944 1023 1004 1053 erit
1023 1022 1140 1054 melius
1161 1022 1210 1053 hic
1230 1023 1411 1054 conuicium.

373 1069 502 1101 Phorm.
525 1070 585 1101 848
606 1069 695 1100 Num
716 1069 836 1100 mirum
856 1071 913 1100 aut
932 1077 1052 1101 nouom
1073 1071 1117 1101 est
1135 1070 1283 1108 reuocari,
1305 1078 1433 1101 cursum
1455 1078 1546 1109 quom
1566 1069 1737 1101 institeris?

373 1117 453 1149 Eun.
475 1118 536 1149 998
561 1117 728 1149 Necessus
748 1118 810 1157 suit
829 1117 883 1149 hoc
901 1118 1009 1158 facere.
1052 1117 1172 1151 Heaut.
1195 1118 1255 1151 209
1275 1118 1401 1150 Necesse
1420 1119 1472 1158 est,
1498 1117 1636 1157 GlitiPho,
1658 1117 1784 1149 consilia
1804 1117 1943 1158 consequi

277 1166 458 1197 consimilia.
500 1165 628 1197 Phorm.
652 1167 712 1197 296
731 1165 803 1197 Non
823 1166 885 1205 fuit
904 1175 1017 1197 necesse
1037 1166 1156 1199 habere.

373 1213 436 1245 Ad.
466 1215 505 1246 74
533 1222 582 1253 sq.
614 1213 681 1245 Hoc
709 1214 853 1254 patrium
881 1215 932 1253 est,
955 1215 1062 1254 potius
1082 1215 1287 1255 consuefacere
1307 1215 1411 1254 filium
1431 1223 1491 1247 sua
1511 1216 1613 1254 sponte
1633 1216 1708 1246 recte
1727 1215 1826 1255 facere
1846 1222 1942 1254 quam

276 1263 376 1294 alieno
396 1264 479 1294 metu
501 1266 542 1300 (v.
564 1271 638 1302 pag.
664 1264 721 1300 13).

373 1310 495 1342 Heaut.
522 1311 582 1342 210
613 1311 770 1342 Scitumst
782 1311 938 1350 periclum
959 1320 997 1342 ex
1017 1312 1091 1343 aliis
1111 1312 1217 1351 facere.
1260 1312 1387 1343 Phorm.
1409 1312 1468 1343 821
1493 1311 1593 1350 Quam
1613 1311 1754 1342 scitumst
1773 1311 1839 1341 eius
1858 1310 1943 1342 modi

276 1360 310 1390 in
331 1359 438 1390 animo
452 1367 575 1398 parare
596 1359 793 1398 cupiditates!

374 1408 454 1439 Eun.
478 1409 535 1439 761
558 1407 610 1438 Set
631 1410 664 1438 tu
684 1408 765 1446 quod
785 1416 892 1438 cauere
911 1409 1011 1446 possis
1033 1408 1174 1439 stultum
1194 1408 1392 1439 admitterest.

374 1455 495 1487 Heaut.
525 1456 583 1487 481
613 1464 662 1494 sq.
698 1456 854 1494 Quantam
881 1456 1048 1494 fenestram
1069 1456 1113 1487 ad
1132 1457 1295 1495 nequitiem
1310 1456 1498 1495 patefeceris,
1522 1456 1574 1486 tibi
1594 1456 1698 1486 autem
1712 1463 1810 1494 porro
1829 1456 1866 1486 ut
1883 1463 1943 1486 non

277 1504 318 1535 sit
338 1511 444 1535 suane
463 1504 586 1535 uiuere!

373 1551 501 1583 Phorm.
524 1553 584 1583 690
605 1552 654 1590 so.
679 1551 759 1590 Quid
780 1552 887 1583 minus
908 1552 1020 1584 utibsse
1040 1552 1103 1591 fuit
1122 1561 1218 1592 quam
1239 1552 1293 1583 hoc
1312 1552 1401 1583 uuus
1416 1553 1537 1591 tanyere
1550 1552 1607 1583 aut
1620 1551 1781 1583 nominare
1793 1552 1943 1582 uxorem?

375 1599 448 1630 Hac
473 1600 507 1630 in
528 1599 674 1631 sectione
697 1599 799 1631 etiam
820 1601 886 1630 sat
907 1600 1059 1637 (satius)
1082 1608 1171 1632 esse
1192 1600 1411 1632 demonstrari
1431 1600 1516 1638 licet,
1537 1600 1570 1630 in
1592 1608 1658 1638 qua
1678 1600 1851 1631 verborum
1871 1607 1942 1631 con-

278 1648 443 1680 iunctione
465 1649 529 1679 sat
551 1648 702 1686 (satius)
726 1647 924 1679 adiectivum
946 1648 1053 1687 possit
1074 1648 1198 1681 haberi:
1220 1648 1345 1681 Phorm.
1370 1649 1429 1680 768
1450 1656 1498 1687 sq.
1520 1647 1628 1679 Nonne
1648 1647 1682 1679 id
1703 1649 1759 1679 sat
1779 1648 1854 1686 erat,
1870 1647 1943 1678 acci-

272 1705 347 1735 pere
372 1697 411 1727 ab
432 1696 485 1727 illo
505 1696 683 1727 iniuriam?
715 1699 756 1733 (v.
778 1704 852 1735 pag.
878 1697 934 1732 13).
972 1714 1002 1718 —
1038 1696 1159 1728 Heaut.
1182 1698 1242 1728 474
1263 1705 1312 1736 sq.
1333 1697 1378 1728 Et
1397 1697 1451 1727 tibi
1464 1696 1596 1736 perdere
1617 1697 1765 1728 talentum
1785 1696 1839 1727 hoc
1852 1697 1945 1735 pacto

278 1745 386 1776 satius
417 1745 462 1775 est
490 1753 587 1783 quam
618 1744 672 1775 illo
700 1744 832 1775 minam.
874 1744 997 1776 Phorm.
1020 1745 1080 1776 956
1101 1745 1213 1776 Emori
1232 1745 1329 1776 hercle
1349 1745 1450 1776 satius
1469 1746 1520 1776 est.
1561 1744 1623 1776 Ad.
1645 1745 1684 1776 57
1706 1752 1754 1783 sq.
1776 1744 1900 1782 Pudore
1919 1745 1947 1774 et

278 1793 459 1824 liberalitate
481 1793 589 1823 liberos
609 1793 738 1823 retinere
758 1793 859 1823 satius
879 1801 940 1823 esse
960 1792 1048 1823 credo
1068 1802 1164 1832 quam
1185 1795 1276 1825 metu.
1299 1816 1303 1820 .
1320 1794 1380 1825 234
1400 1801 1450 1832 sq.
1477 1792 1517 1823 Ut
1534 1793 1576 1824 sit
1595 1793 1697 1825 satius
1703 1792 1836 1832 perdere
1848 1800 1945 1831 quam

277 1842 334 1871 aut
353 1849 435 1871 nunc
455 1849 583 1871 manere
605 1842 670 1871 tam
691 1840 748 1871 diu
769 1842 826 1871 aut
847 1841 1082 1879 tum‘persequi.

373 1889 470 1920 annot.
514 1889 629 1920 Tribus
650 1888 730 1920 locis
752 1888 932 1920 infinitivus
956 1891 1010 1921 est
1030 1889 1184 1921 locutioni
1206 1897 1294 1921 esse
1315 1897 1392 1921 cum
1412 1897 1501 1928 pron.
1523 1897 1611 1929 poss.
1634 1888 1814 1929 appositus.

374 1937 476 1968 Andr.
509 1938 569 1968 678
604 1937 729 1968 Tuomst
743 1961 750 1969 .
768 1961 775 1969 .
791 1961 798 1967 .
820 1937 899 1967 mihi
920 1938 1077 1976 iynoscere.
1119 1937 1241 1969 Heaut.
1263 1939 1323 1969 549
1349 1937 1421 1968 Non
1441 1939 1485 1968 est
1504 1938 1629 1968 mentiri
1649 1946 1762 1969 meum.
1804 1937 1865 1968 578
1885 1936 1946 1967 Sed

277 1987 419 2017 nostrum
450 1987 494 2016 est
524 1985 700 2026 intelleyere,
733 1986 768 2016 ut
794 1993 922 2025 cumque
946 1987 1036 2025 atque
1056 1986 1109 2016 ubi
1129 1994 1258 2025 cumque
1277 1994 1354 2026 (pus
1374 1986 1416 2017 sit
1435 1985 1562 2025 obsequi.
1606 1985 1671 2024 [Cfr
1692 1984 1793 2017 Andr.
1818 1985 1876 2016 168
1896 1992 1944 2023 sq.

278 2035 371 2065 Nune
399 2036 513 2065 tuomst
539 2035 684 2074 officium,
710 2034 769 2065 has
790 2035 859 2065 bene
879 2036 923 2066 ut
943 2034 1114 2066 adsimules
1134 2036 1270 2074 nuptias.
1297 2052 1328 2057 —
1353 2035 1413 2066 330
1434 2043 1483 2073 sq.
1504 2034 1579 2075 Eyo,
1605 2034 1746 2073 Charine,
1767 2033 1945 2073 neutiquam

278 2083 415 2122 officium
437 2082 525 2114 liberi
546 2091 608 2113 esse
628 2082 763 2114 hominis
777 2084 855 2121 puto
870 2106 877 2113 .
894 2106 901 2113 .
918 2105 924 2112 .
940 2083 1101 2121 postulare
1122 2083 1155 2113 id
1174 2083 1288 2122 oratioe
1308 2083 1423 2122 amoni
1443 2083 1522 2119 siba]

647 2195 679 2232 b)
701 2203 783 2226 esse
803 2203 866 2226 oum
887 2195 1078 2226 substantias,
1120 2195 1234 2227 Posita
1255 2196 1335 2227 sunt
1355 2195 1425 2226 haec
1446 2195 1479 2226 in
1501 2203 1582 2227 casu

960 2272 991 2308 α)
1014 2270 1270 2303 nominativo:

378 2344 498 2376 Heaut.
531 2345 591 2374 566
622 2351 672 2383 sq.
704 2343 792 2374 Istaec
819 2344 944 2383 quidem
973 2343 1171 2375 contumelia
1197 2346 1253 2381 (Ξ
1268 2343 1550 2380 contumeliosum)
1572 2344 1616 2374 est
1634 2341 1788 2373 hominem
1809 2341 1946 2372 amicum

280 2393 411 2432 recipere
431 2392 474 2424 ad
496 2393 522 2423 te
542 2393 632 2431 atque
652 2392 719 2423 eius
738 2392 877 2424 amicam
897 2392 1065 2432 subigitare
1087 2395 1128 2430 (v.
1150 2400 1224 2431 pag.
1249 2392 1306 2429 13).
