2181 2783
1043 168 1194 200 -22-

280 239 384 278 ipsum
416 240 529 279 eqredn'.
570 241 631 272 428
660 240 722 271 Sed
754 239 952 280 Pamphilum
983 241 1087 280 ipsum
1116 241 1206 272 uideo
1235 244 1323 284 stare
1352 243 1425 274 ante
1444 241 1567 274 ostium.
1609 242 1669 274 597
1695 240 1790 274 Uidea
1809 249 1856 273 m
1875 250 1943 274 esse

279 288 428 318 inuisam.
470 289 530 320 622
561 288 622 320 Sed
651 287 742 320 uideo
775 287 967 327 Phidippum
994 288 1099 328 eqo-edi
1115 298 1175 328 per
1195 291 1321 329 tempus.
1363 291 1425 322 680
1444 289 1628 330 Adenoptam
1647 288 1727 321 hane
1746 298 1862 330 quoqne
1883 289 1942 321 tiln·
1975 287 1977 290 '

278 344 407 366 causam
433 336 531 366 uides.
574 337 633 368 691
655 344 705 375 sq.
730 335 770 366 Te
790 335 963 367 reuolutum
983 335 1080 367 denuo
1101 335 1190 368 uideo
1209 345 1285 368 esse.
1328 338 1388 368 714
1409 337 1583 369 Abhorrere
1603 337 1741 369 animum
1760 336 1833 368 huic
1851 336 1942 369 uideo

278 392 300 413 a
330 383 461 422 nuptiis.
513 384 573 415 854
600 382 662 415 Sea
690 382 879 414 Bacchidem
910 392 1009 414 eccam
1027 382 1116 414 uideo
1136 385 1223 415 stare
1243 385 1315 415 ante
1335 385 1459 416 ostium.
1500 385 1563 417 Ad.
1584 386 1625 418 94
1645 393 1694 425 sq.
1717 384 1789 417 Non
1800 384 1942 425 fratrem

278 430 364 462 uidet
394 431 442 461 rei
472 431 549 462 dare
580 440 714 471 operam,
744 431 816 470 ruri
844 440 912 462 esse
937 440 1071 469 parcum
1101 441 1139 462 ac
1164 431 1325 463 sobrium?
1366 433 1425 465 361
1452 432 1504 465 §et
1522 442 1623 465 eccum
1643 433 1755 473 Syrum
1775 432 1823 464 ire
1842 431 1941 465 uideo.

280 479 340 509 444
362 487 411 517 sq.
434 478 541 509 Huius
560 479 685 518 yeneris
705 478 858 517 reliquias
879 482 999 509 restare
1019 478 1117 509 uideo.
1159 481 1219 511 668
1240 488 1289 518 sq.
1310 479 1403 510 Hanc
1422 480 1487 510 sibi
1506 480 1623 512 uidebit
1637 483 1780 520 praesens
1793 480 1942 520 prasenti

278 527 370 566 eripi,
396 525 508 558 abduci
534 526 574 558 ab
600 526 708 558 oeulis.
750 527 811 559 826
835 528 908 566 Quoe
928 535 981 564 eqo
1002 526 1104 558 inesse
1123 526 1158 558 in
1179 526 1249 558 illis
1269 526 1366 558 uideo.
1408 529 1468 560 827
1489 536 1539 568 sq.
1567 527 1662 561 Uidea
1681 538 1732 561 eos
1752 537 1871 569 sapere,
1892 527 1941 560 in-

278 575 427 614 telleyere,
458 576 493 606 in
525 575 587 606 loco
617 576 730 612 uereri,
764 576 846 606 inter
870 585 903 605 se
924 585 1040 606 amare.
1082 576 1143 607 918
1163 584 1212 614 sq.
1236 577 1276 607 Te
1296 576 1385 606 uideo
1405 579 1521 607 nostroe
1533 576 1675 616 familiae
1696 580 1759 609 tam
1779 587 1818 609 ex
1837 577 1941 609 animo

271 623 397 662 sactum
416 622 496 653 uelle
508 623 537 654 ¹).

375 671 476 703 Andr.
501 672 537 703 15
559 671 601 702 Id
620 671 678 702 isti
699 672 890 712 uituperant
903 670 1037 711 factum.

374 720 541 752 Dictiones
570 728 643 758 quae
671 721 761 752 verbi
789 721 955 751 notionem
979 719 1117 750 habent:
1139 720 1240 751 Andr.
1263 721 1321 750 572
1344 718 1430 750 Istue
1452 720 1598 751 animum
1618 720 1746 752 induxti
1766 730 1834 752 esse
1854 720 1940 752 utile.

278 768 338 798 883
363 775 412 806 sq,
442 767 497 798 Ita
518 768 656 799 animum
677 767 802 799 induxti
824 771 914 804 tuom,
937 767 1018 806 quod
1038 776 1164 806 cuperes
1184 767 1289 807 aliquo
1306 768 1399 806 pacto
1419 766 1618 807 efficiundum
1640 767 1698 798 tibi
1719 771 1760 806 (v.
1782 776 1855 809 pag.
1880 769 1939 806 29).

278 815 399 847 Heaut.
421 816 458 847 41
481 814 617 847 Causam
638 815 717 847 hane
737 816 854 846 iustam
875 824 941 846 esse
961 814 1101 846 animum
1121 814 1264 846 inducite.
1305 814 1384 848 Hoc.
1407 815 1466 847 264
1494 814 1606 847 Omnia
1626 825 1693 847 esse
1713 819 1748 847 ut
1767 816 1848 848 dieis
1868 817 1941 848 ani-

278 873 360 894 ·mum
391 863 510 894 induco.
553 865 612 895 277
645 872 694 903 sq.
726 866 767 902 (v.
789 871 862 903 pag.
885 864 944 900 29).
987 863 1049 895 Ad.
1071 864 1131 895 597
1154 862 1331 903 Numquam
1352 866 1380 894 te
1400 862 1495 894 aliter
1516 865 1608 902 atque
1628 872 1662 894 es
1681 872 1748 895 esse
1759 864 1780 896 ')
1801 864 1939 896 animum

279 912 390 942 induxi
423 921 530 942 meum.
568 930 598 934 —
634 912 713 944 Hec.
746 913 806 944 292
837 911 938 942 Lenia
959 913 1041 951 sunt,
1061 920 1129 950 quae
1151 913 1184 942 tu
1200 911 1374 951 perqrauia
1394 920 1460 942 esse
1480 911 1514 942 in
1536 911 1680 943 animum
1701 912 1828 944 induxti
1850 915 1939 944 tuom.

278 960 399 991 Heaut.
422 962 461 992 49
483 963 537 998 (z
559 960 638 992 Hoc.
661 961 711 996 50)
734 959 817 990 Eum
837 969 904 990 esse
924 961 1075 998 quaestum
1095 960 1130 990 in
1152 960 1289 990 animum
1309 959 1421 990 induxi
1434 968 1620 990 maxumum.
1661 960 1709 992 De
1723 960 1845 993 Heaut.
1863 961 1940 992 1028

278 1016 327 1046 sq.
354 1016 384 1039 v,
411 1016 483 1048 pag.
507 1009 554 1040 29.
582 1026 613 1030 -
637 1008 717 1039 Hoc.
739 1008 797 1039 831
820 1016 869 1047 sq.
892 1007 1004 1039 Indest
1025 1007 1166 1046 cognitio
1187 1007 1276 1039 sacta
1300 1006 1516 1038 Philumenam
1535 1016 1740 1046 compressam
1759 1017 1827 1040 esse
1846 1009 1886 1040 ab
1906 1017 1940 1040 eo

277 1059 306 1086 et
330 1056 437 1095 fitium
458 1056 529 1087 inde
549 1055 628 1087 hune
649 1059 765 1087 natum.
793 1074 823 1078 —
849 1055 928 1088 Hoc.
951 1056 1010 1087 392
1033 1054 1202 1086 Parturire
1221 1065 1289 1086 eam
1308 1064 1361 1086 nec
1379 1055 1548 1095 yrauidam
1567 1064 1634 1087 esse
1654 1064 1692 1086 ex
1713 1057 1740 1087 te
1761 1055 1848 1087 solus
1868 1064 1939 1090 con-

278 1104 367 1135 scius
400 1106 468 1142 (es).
515 1104 577 1136 Ad.
609 1105 669 1135 348
700 1112 749 1143 sq.
781 1103 913 1135 Conscia
942 1104 1021 1134 mihi
1041 1112 1110 1134 sum
1131 1113 1151 1133 a
1172 1113 1218 1134 me
1238 1103 1360 1142 culpam
1380 1112 1447 1134 esse
1466 1102 1546 1135 hanc
1564 1103 1673 1143 procul
1691 1113 1785 1143 neque
1803 1104 1940 1143 pretium

277 1161 371 1191 neque
390 1162 454 1182 rem
475 1151 573 1183 ullam
595 1153 808 1184 intercessisse
829 1151 888 1183 illa
909 1153 965 1183 aut
985 1161 1031 1182 me
1053 1151 1223 1190 indiqnam.
1249 1170 1279 1173 —
1304 1151 1405 1183 Andr.
1428 1152 1487 1183 223
1508 1160 1557 1191 sq.
1579 1150 1633 1182 Ibi
1647 1154 1711 1183 tum
1724 1151 1803 1183 hanc
1813 1152 1940 1183 eiectam

284 1199 450 1239 Chrysidis
475 1204 601 1239 patrem
631 1201 783 1240 recepisse
813 1199 929 1240 orbam,
955 1209 1094 1239 paruam
1125 1199 1278 1232 fabulast.
1309 1218 1339 1222 —
1365 1199 1486 1232 Heaut.
1508 1200 1566 1232 571
1588 1199 1642 1231 Ad
1661 1199 1739 1231 mihi
1758 1200 1841 1233 fides
1861 1201 1940 1239 aput

277 1248 356 1279 hunc
387 1250 449 1280 est
470 1248 552 1279 nihil
571 1258 618 1280 me
639 1249 735 1279 istius
748 1250 923 1288 facturum.
965 1248 1046 1280 Eun.
1071 1248 1150 1280 1060
1169 1248 1221 1280 Do
1237 1247 1332 1287 fidem
1344 1247 1503 1287 futurum.
1545 1248 1624 1280 Heo.
1649 1248 1726 1280 1012
1746 1256 1795 1287 sq.
1811 1248 1848 1280 Si
1862 1248 1940 1279 mihi

272 1296 368 1336 fidem
399 1296 457 1327 das
491 1299 519 1328 te
552 1297 729 1334 tacituram,
761 1296 871 1327 dicam.
912 1297 992 1328 Eun.
1028 1297 1085 1328 139
1115 1295 1153 1328 Si
1178 1295 1272 1336 fidem
1303 1296 1449 1328 habeat
1469 1305 1503 1327 se
1523 1296 1568 1327 iri
1584 1297 1790 1336 praepositum
1811 1296 1878 1328 tibi.
1905 1315 1936 1320 —

278 1345 399 1376 Heaut.
422 1346 482 1376 892
504 1353 552 1383 sq.
574 1345 731 1377 Iniecisse
751 1345 853 1377 uerba
875 1344 933 1375 tibi
954 1343 1140 1375 Dromonem
1160 1343 1277 1375 scilicet
1297 1353 1419 1382 sponsae
1439 1346 1553 1375 uestem
1573 1353 1685 1375 aurum
1699 1346 1790 1383 atque
1803 1343 1939 1376 ancillas

277 1402 353 1431 opus
374 1401 449 1423 esse.
477 1410 507 1414 —
532 1392 611 1425 Hec.
634 1394 693 1424 697
714 1393 805 1424 Dabo
826 1392 878 1424 ius
899 1392 1074 1424 iurandum
1094 1391 1176 1423 nihil
1195 1401 1261 1422 esse
1282 1391 1414 1423 istorum
1433 1391 1520 1423 mihi.
1562 1392 1624 1424 Ad.
1643 1393 1700 1424 166
1715 1391 1939 1423 Iusiurandum

277 1440 404 1471 dabitur
437 1443 464 1471 te
495 1450 562 1472 esse
594 1441 755 1481 indignum
786 1441 906 1471 iniuria
937 1440 1004 1471 hac.
1034 1458 1065 1463 -
1089 1440 1215 1472 Phorm.
1241 1441 1278 1472 16
1299 1448 1347 1479 sq.
1370 1439 1407 1470 Is
1428 1439 1492 1471 sibi
1511 1448 1706 1480 responsum
1726 1440 1787 1473 hoc
1807 1440 1938 1481 habeat,

277 1488 312 1518 in
343 1488 441 1519 medio
473 1488 613 1519 omn-‘bus
639 1488 781 1528 palmam
805 1497 872 1519 esse
888 1488 1028 1526 positam
1049 1490 1090 1525 (V.
1113 1496 1185 1527 pag.
1208 1488 1267 1524 29).
1294 1505 1324 1510 -
1349 1487 1451 1519 Andr.
1476 1488 1534 1519 185
1556 1487 1661 1518 Meum
1680 1490 1809 1527 gnatum
1828 1496 1939 1520 rumor

278 1537 340 1567 est
371 1545 487 1567 amare.
529 1536 650 1568 Heaut.
685 1537 722 1568 16
753 1544 802 1575 sq.
830 1535 982 1567 Rumores
1009 1535 1249 1568 distulerunt
1270 1534 1415 1566 maleuoli
1435 1534 1552 1566 multas
1574 1534 1691 1575 (illum)
1713 1536 1939 1567 contaminasse

278 1585 415 1615 Graecas.
457 1584 537 1616 Hec.
573 1585 613 1616 39
644 1593 693 1623 sq.
726 1583 846 1615 Rumor
877 1584 970 1616 uenit
1000 1584 1106 1614 datum
1137 1584 1182 1614 iri
1205 1583 1407 1622 gladiatores.
1434 1601 1465 1606 —
1490 1583 1610 1616 Heaut.
1633 1584 1692 1616 298
1712 1583 1866 1624 Μαρηιυη
1884 1582 1939 1615 hoc

277 1642 392 1672 quoque
419 1633 585 1672 signumst
613 1633 769 1664 dominam
794 1642 861 1664 esse
881 1635 973 1664 extra
994 1632 1128 1664 noxiam.
1155 1650 1185 1654 -
1210 1631 1330 1664 Heaut.
1352 1632 1411 1664 981
1433 1631 1502 1663 Est
1523 1640 1600 1672 spes
1616 1654 1623 1662 .
1642 1654 1649 1662 .
1666 1655 1673 1662 .
1687 1641 1744 1663 nos
1764 1632 1938 1664 esurituros

277 1682 367 1712 satis.
410 1681 538 1713 Phorm.
560 1682 619 1713 691
642 1689 691 1721 sq.
713 1681 865 1714 Iniecta
891 1682 952 1713 est
973 1690 1044 1720 spes
1060 1680 1152 1720 patri
1168 1690 1262 1720 posse
1283 1680 1374 1711 illam
1394 1679 1527 1711 extrudi.
1554 1698 1585 1702 —
1610 1680 1689 1712 Heo.
1711 1681 1771 1713 577
1792 1689 1840 1720 sq.
1864 1679 1937 1713 Non

277 1729 356 1760 clam
386 1739 433 1761 me
463 1732 519 1768 est,
548 1732 643 1768 qnate
674 1730 727 1769 mi,
758 1730 819 1761 tibi
851 1738 903 1762 me
929 1738 1003 1762 esse
1025 1731 1225 1770 suspectam,
1246 1738 1372 1771 uxorem
1393 1730 1479 1759 tuam
1494 1730 1624 1768 propter
1644 1738 1725 1761 meos
1746 1738 1845 1761 mores
1865 1729 1937 1761 hine

277 1777 389 1808 abisse.
433 1778 512 1809 Eun.
545 1778 606 1808 514
637 1785 686 1815 sq.
719 1776 791 1807 Iam
822 1780 885 1807 tum
906 1779 978 1809 erat
999 1778 1141 1817 suspicio
1162 1777 1231 1808 dolo
1251 1777 1333 1808 malo
1353 1776 1416 1807 haec
1431 1776 1508 1815 fieri
1528 1777 1640 1808 omnia.
1667 1795 1697 1799 —
1722 1777 1784 1809 Ad.
1807 1778 1866 1809 203
1887 1785 1936 1816 sq.

278 1825 394 1858 Testes
415 1825 515 1858 faciet
536 1825 608 1856 ilico
628 1824 807 1856 uendidisse
827 1834 882 1857 me.

373 1891 468 1921 Annot.
493 1891 511 1920 1.
554 1890 632 1920 Aac.
655 1899 682 1921 c.
703 1890 760 1921 inf.
782 1892 817 1921 et
838 1892 880 1921 ut
901 1891 1019 1927 (Suec.:
1041 1890 1240 1925 “hurus0m“)
1262 1889 1368 1921 semel
1388 1890 1562 1920 coniuncta
1583 1891 1675 1920 sunt:
1696 1890 1776 1922 Hec.
1794 1892 1850 1922 145
1865 1899 1936 1930 sqq.

277 1937 463 1977 Narratque,
491 1939 527 1967 ut
556 1937 644 1978 uiryo
669 1936 709 1968 ab
729 1947 761 1968 se
781 1937 902 1978 inteyra
921 1937 1015 1968 etiam
1037 1939 1105 1968 tum
1125 1937 1190 1976 siet,
1209 1946 1299 1977 seque
1319 1938 1412 1967 ante.
1431 1960 1437 1966 .
1456 1961 1462 1967 .
1479 1946 1615 1976 sperasse
1635 1946 1685 1967 eas
1707 1937 1833 1969 tolerare
1848 1948 1938 1979 posse

276 1986 414 2027 nuptz'as.
460 1986 517 2024 [De
538 1986 600 2018 hac
621 1986 711 2019 vocis
733 1988 776 2018 ut
796 1986 828 2018 vi
849 1986 923 2019 vide
943 1986 1004 2019 lex.
1028 1986 1119 2019 Cav.:
1141 1986 1228 2026 “Ut“,
1249 1986 1340 2027 I‚1,b.]

374 2034 428 2065 Cfr
449 2035 549 2065 Andr.
573 2035 612 2065 35
633 2043 705 2073 sqq.
728 2035 757 2064 A
774 2035 907 2073 paruolo
929 2037 964 2064 ut
981 2059 986 2064 .
1006 2059 1011 2064 .
1031 2059 1037 2064 .
1054 2035 1184 2065 clemens
1204 2034 1302 2073 fuerit
1322 2034 1468 2072 seruitus,
1487 2033 1555 2063 scis.

381 2168 399 2197 ι)
419 2164 460 2189 Ex
478 2164 510 2189 iis
529 2172 588 2197 quae
607 2164 689 2189 allata
707 2166 771 2189 sunt
790 2163 916 2197 exemplis
934 2164 1081 2197 intelligere
1098 2164 1159 2190 licet
1178 2172 1231 2190 acc.
1251 2172 1312 2189 eum
1330 2163 1378 2189 inf.
1397 2163 1531 2189 interdum
1550 2164 1629 2190 verbo
1643 2164 1749 2190 videndi
1764 2164 1937 2191 subiunctum

276 2215 340 2232 csse.
368 2206 415 2232 ubi
442 2206 535 2240 partic.
564 2214 640 2240 praes.
668 2205 703 2232 ad
730 2214 783 2232 acc.
811 2205 906 2232 obiecti
934 2214 961 2232 se
980 2206 1117 2240 applicans
1136 2209 1289 2240 exspectare
1307 2206 1401 2240 possis.
1438 2206 1534 2232 Partic.
1553 2214 1629 2240 praes.
1647 2206 1689 2232 his
1707 2206 1771 2233 locis
1790 2207 1935 2233 invenitur:

277 2249 360 2275 Andr.
379 2249 431 2275 838
454 2249 520 2275 Cum
538 2249 615 2275 Dauo
633 2251 729 2282 eyomet
746 2249 807 2274 uidi
825 2249 973 2282 iurqamem
992 2243 1127 2275 ancillam.
1164 2249 1234 2275 Eun.
1253 2250 1303 2275 967
1323 2249 1387 2274 Ecce
1405 2252 1492 2274 autem
1510 2249 1584 2275 uideo
1602 2258 1663 2275 rure
1681 2250 1826 2276 redeuntem
1841 2259 1935 2276 senem.

277 2292 384 2317 Phorm.
404 2292 453 2317 60?
475 2291 525 2317 Sed
537 2294 664 2324 patrnam
682 2291 757 2317 uideo
776 2299 836 2317 eum
851 2294 926 2324 patre
944 2292 1097 2318 adstantem.
1134 2292 1201 2318 Hec.
1221 2292 1273 2318 550
1294 2291 1348 2322 Qui
1364 2291 1463 2317 uidisse
1480 2300 1539 2317 eum
1557 2292 1650 2318 diceret
1662 2295 1793 2318 exeuntem
1806 2295 1853 2318 aut
1865 2293 1936 2319 intro

275 2337 377 2360 euntem
395 2334 430 2359 ad
446 2334 572 2360 amicam.
608 2334 659 2360 806
678 2342 716 2368 sq.
736 2334 892 2360 Bacchidem
910 2334 942 2360 ab
960 2336 1048 2360 nostro
1066 2334 1154 2367 adfine
1171 2336 1303 2360 exeuntem
1320 2334 1403 2360 uideo.

379 2385 399 2414 ³)
419 2385 540 2411 Codices:
560 2385 600 2411 in.
636 2384 707 2411 Vide
725 2385 847 2411 Dziatzk.
867 2385 900 2411 ad
918 2385 991 2411 hunc
1009 2385 1105 2411 locum.
