2181 2783
1062 612 1158 663 111.

707 740 1077 813 1nfinitivus
1121 741 1467 814 historicus.
1479 744 1510 807 1)

375 906 457 937 Cum
479 906 533 937 alii
554 914 664 937 rerum
685 907 854 944 gestarum
876 907 1053 945 scriptores
1074 909 1146 938 tum
1167 907 1345 938 Sallustius
1366 907 1525 938 infinitivo
1546 915 1641 946 praes.
1663 915 1753 946 saepe
1774 916 1832 946 pro
1847 908 1936 939 verbi

276 961 390 993 formis
421 962 523 993 finitis
555 961 691 1001 (imperf.
717 964 752 994 et
772 971 867 1001 praes.
890 963 978 999 hist.)
1000 964 1147 1002 utuntur,
1170 971 1233 1001 quo
1254 963 1478 995 vehementior
1498 963 1690 1002 graviorque
1710 963 1770 995 flat
1791 964 1935 996 narratio

277 1020 312 1048 et
333 1025 390 1049 eos
412 1018 467 1056 qui
487 1017 601 1056 legunt
621 1019 794 1056 tamquam
813 1019 846 1048 in
868 1027 938 1049 rem
958 1020 1157 1057 praesentem
1179 1018 1331 1049 adducat.
1373 1019 1487 1057 Neque
1507 1021 1620 1050 tamen
1639 1019 1685 1049 illi
1706 1019 1775 1050 soli.
1817 1020 1848 1050 A
1865 1019 1935 1050 Ter.

277 1073 329 1105 hic
349 1073 415 1113 inf„
428 1073 482 1113 qui
504 1073 630 1113 dicitur,
652 1073 827 1105 historicus
849 1082 1074 1113 saepenumero
1096 1074 1268 1106 adhibetur
1289 1074 1386 1113 idque
1407 1083 1471 1106 non
1486 1074 1590 1107 solam
1604 1074 1738 1106 tertiam
1752 1083 1935 1115 personam,

277 1131 316 1160 ut
347 1130 434 1168 apud
465 1129 537 1160 illos
559 1130 753 1168 saepissime,
775 1131 959 1168 exprimens
981 1131 1040 1161 sed
1061 1131 1162 1161 etiam
1183 1130 1331 1169 primam.
1374 1130 1471 1161 Nulla
1492 1131 1679 1169 ceteroquin
1701 1131 1935 1162 enuntiationis

278 1185 419 1216 mutatio
450 1184 497 1224 fit,
530 1193 631 1223 quare
662 1185 848 1217 subiectum
878 1185 1079 1217 nominativo
1099 1185 1270 1217 indicatur.
1313 1186 1378 1217 Sed
1399 1186 1590 1225 pronomina¹
1611 1194 1683 1225 quae
1705 1186 1776 1218 vice
1797 1186 1937 1218 subiecti

276 1240 456 1279 funguntur
476 1242 549 1272 tum
570 1241 679 1272 omitti
698 1243 849 1280 possunt,
871 1249 946 1272 cum
967 1243 1106 1273 accentu
1128 1242 1223 1280 quasi
1241 1250 1306 1273 non
1320 1242 1467 1273 notanda
1481 1243 1560 1273 sunt
1574 1243 1674 1280 atque
1688 1241 1782 1273 facile
1796 1243 1937 1281 possunt

278 1305 319 1328 ex
340 1296 533 1336 praegressis
554 1298 666 1328 mente
688 1296 772 1328 addi.
1442 1300 1445 1303 ’

374 1352 539 1384 Praeterea
558 1352 591 1383 id
612 1354 744 1383 tantum
766 1354 1057 1384 commemoratum
1078 1353 1159 1392 volo,
1181 1352 1378 1384 infinitivum
1398 1353 1475 1384 hist.
1498 1352 1681 1392 saepissime
1700 1353 1836 1384 inveniri
1858 1361 1935 1392 prae-

278 1408 470 1439 cedentibus
491 1408 694 1447 temporibus
715 1408 817 1439 finitis
839 1408 890 1439 vel
911 1408 1135 1447 sequentibus.

373 1465 475 1497 Andr.
496 1466 536 1497 62
557 1474 628 1504 sqq.
661 1465 713 1497 Sic
742 1466 811 1497 uita
841 1467 921 1497 erat:
950 1466 1040 1505 facile
1064 1474 1167 1497 omnes
1189 1466 1326 1505 perferre
1345 1474 1382 1497 ac
1396 1466 1484 1505 pati}
1503 1473 1574 1496 cum
1594 1466 1705 1505 quibus
1724 1467 1793 1497 erat
1810 1474 1937 1505 eumque

275 1522 350 1551 una,
371 1513 414 1543 eis
433 1521 465 1543 ee
485 1512 599 1551 dedere,
621 1521 727 1544 eoram
747 1514 867 1552 obsequi
887 1513 1008 1545 studiis.
1050 1515 1090 1545 96
1111 1521 1160 1552 sq.
1185 1513 1262 1544 Cum
1283 1513 1318 1544 id
1338 1513 1418 1544 mihi
1431 1513 1581 1553 placebat,
1605 1514 1671 1544 tum
1691 1521 1752 1545 uno
1771 1522 1822 1544 ore
1835 1522 1937 1545 omnes

276 1561 380 1592 omnia
401 1560 478 1591 bona
498 1560 595 1591 dicere
614 1562 642 1591 et
663 1561 794 1592 laudare
813 1561 955 1601 fortunas
975 1570 1068 1601 meas,
1114 1562 1171 1592 146
1191 1569 1240 1600 sq.
1274 1560 1340 1600 Eyo
1359 1561 1440 1592 illud
1460 1560 1564 1592 sedulo
1583 1569 1694 1600 neyare
1713 1561 1838 1601 factum.
1880 1561 1938 1593 Ille

276 1609 372 1639 instat
389 1608 516 1647 factum.
558 1609 619 1640 369
638 1608 756 1640 Holera
779 1610 808 1639 et
820 1609 984 1648 pisciculos
1004 1609 1138 1640 minutos
1157 1609 1238 1648 serre
1258 1609 1338 1640 obolo
1358 1609 1391 1639 in
1411 1617 1517 1639 cenam
1530 1609 1604 1639 seni.
1638 1608 1717 1640 Eun.
1733 1609 1791 1640 391
1806 1609 1937 1648 Maymw

275 1665 348 1687 uero
367 1665 457 1696 ayere
474 1657 598 1695 qratias
621 1656 717 1687 Thais
736 1656 837 1688 mihi?
879 1658 936 1688 401
959 1665 1007 1696 sq.
1031 1656 1098 1688 GN.
1119 1656 1186 1688 Rev
1208 1658 1232 1688 te
1252 1666 1322 1696 erqo
1342 1657 1376 1688 in
1397 1656 1491 1687 oeulis
1506 1680 1513 1687 .
1529 1680 1536 1688 .
1553 1680 1560 1688 .
1574 1657 1713 1695 qestare?
1754 1656 1821 1688 ΤΗ.
1839 1656 1937 1695 ,Πθνω

275 1705 395 1736 credere
424 1713 544 1736 omnem
575 1706 750 1736 ewercitum.
803 1706 862 1737 410
893 1714 963 1744 sqq.
994 1705 1138 1736 Inuidere
1168 1714 1271 1738 omnes
1300 1705 1389 1744 mihi,
1420 1704 1560 1736 mordere
1589 1705 1778 1744 carmulam
1807 1713 1858 1745 eqo
1877 1714 1938 1737 non

276 1754 358 1792 flocci
372 1753 521 1793 pendere,·
541 1754 589 1784 illi
609 1753 748 1784 inuidere
768 1754 886 1784 misere.
929 1754 988 1784 432
1008 1754 1087 1784 Risu
1108 1762 1210 1784 omnes
1229 1754 1283 1793 qui
1304 1753 1437 1784 aderant
1455 1753 1596 1791 emoriri·
1623 1753 1750 1792 denique
1769 1754 1939 1785 metuebant

277 1810 380 1832 omme
409 1801 476 1832 iam
506 1810 564 1833 me.
617 1802 677 1832 515
698 1809 747 1840 sq.
776 1801 853 1841 Ipsa
873 1802 1045 1832 accumbere
1065 1810 1193 1841 mecum,
1214 1801 1294 1832 mihi
1313 1809 1376 1832 eeee
1396 1801 1481 1838 dare,
1503 1809 1672 1832 sermonem
1692 1809 1836 1840 quaerere.
1877 1802 1938 1834 618

277 1858 326 1888 sq.
357 1849 415 1880 Ille
443 1849 582 1880 continuo
610 1850 706 1880 irasci
733 1858 826 1888 neque
846 1858 956 1888 neyare
976 1849 1103 1887 audere;
1126 1849 1225 1881 Thais
1239 1858 1338 1888 porro
1358 1849 1475 1880 instare
1494 1850 1530 1879 ut
1549 1848 1701 1880 hominem
1722 1849 1836 1881 inuitet.
1878 1850 1938 1882 623

276 1897 364 1927 Miles
390 1905 464 1927 uero
482 1897 542 1927 sibi
557 1898 673 1936 putare
693 1896 863 1927 adductum
883 1898 953 1927 ante
973 1897 1071 1927 oculos
1092 1897 1252 1928 aemulum.
1294 1898 1354 1928 626
1374 1897 1464 1927 Miles
1485 1896 1616 1934 tendere;
1635 1896 1706 1927 inde
1725 1897 1769 1927 ad
1788 1897 1937 1936 iuryium.

276 1944 397 1977 Heaut.
429 1945 489 1977 895
520 1945 622 1984 Magis
651 1953 752 1976 unum
783 1945 875 1976 etiam
901 1945 1025 1984 instare,
1046 1946 1083 1976 ut
1101 1945 1187 1976 hodie
1207 1945 1407 1984 conficiantur
1427 1944 1552 1984 nuptiae.
1593 1943 1720 1976 Phorm.
1742 1945 1781 1976 92
1802 1952 1851 1984 sq.
1872 1945 1939 1977 Noe

277 1993 436 2031 mirarier,
467 2002 616 2032 royamue
645 1993 722 2031 qaid
751 1993 800 2024 eit.
846 1994 902 2024 117
923 2001 972 2031 sq.
993 1993 1104 2024 Noster
1125 1993 1200 2031 quid
1220 1995 1323 2032 aqeret
1341 1993 1463 2024 moire.
1505 1991 1585 2023 Heo.
1610 1993 1668 2023 120
1688 2001 1736 2031 sq.
1758 1992 1816 2024 Ille
1829 1994 1938 2032 primo

276 2049 308 2071 ee
338 2049 463 2080 myare;
492 2040 546 2071 sed
563 2042 731 2080 postquam
753 2041 858 2071 acrius
872 2042 965 2079 pater
985 2041 1088 2078 instat,
1109 2041 1185 2080 fecit.
1231 2041 1288 2072 164
1309 2048 1380 2079 sqq.
1401 2039 1478 2070 Hoec
1499 2063 1506 2070 .
1530 2063 1537 2071 .
1560 2063 1567 2071 .
1583 2039 1707 2078 pudens
1727 2040 1871 2079 maesta,
1893 2041 1937 2072 in-

277 2089 436 2120 commoda
455 2090 545 2129 atque
565 2089 702 2120 iniuriae
721 2089 788 2120 uiri
808 2089 907 2120 omnis
926 2089 1007 2129 ferre
1027 2090 1055 2120 et
1075 2090 1167 2128 tegere
1187 2088 1393 2120 contumelias.
1438 2088 1493 2119 181
1515 2096 1586 2127 sqq.
1607 2087 1644 2119 Si
1663 2088 1786 2127 quando
1805 2089 1849 2121 ad
1868 2097 1938 2121 eam

277 2138 443 2168 accesserat
471 2137 709 2177 confabulatum,
740 2137 845 2176 ficyere
874 2146 889 2167 e
912 2138 1066 2176 conspectu
1086 2137 1162 2176 ilico,
1183 2136 1290 2168 uidere
1309 2136 1401 2174 nolle;
1421 2135 1547 2174 denique
1566 2135 1620 2167 ubi
1639 2144 1699 2168 mm
1719 2137 1786 2176 quit
1797 2137 1879 2177 pati,
1899 2137 1938 2169 ei-

277 2185 380 2216 mutat
397 2185 442 2216 ad
461 2186 596 2216 matrem
616 2185 730 2216 aecem*
750 2184 793 2216 ad
812 2193 879 2216 rem
900 2184 1053 2222 diuinam,
1074 2185 1146 2216 abit.
1188 2185 1249 2216 826
1269 2183 1327 2215 Ille
1346 2184 1430 2215 alias
1449 2191 1499 2214 ree
1518 2191 1607 2222 ayere
1620 2192 1652 2215 ee
1665 2184 1825 2217 simulare.
1856 2184 1937 2217 Poet-

277 2241 373 2272 quam
393 2233 489 2271 uideo,
511 2233 608 2264 nescio
627 2232 703 2272 quid
723 2233 920 2271 eumzarier,
941 2233 1044 2272 ‘magis
1063 2233 1143 2272 coepi
1163 2233 1288 2265 instare.
1331 2231 1392 2262 Ad.
1415 2232 1455 2262 44
1468 2239 1539 2270 sqq.
1561 2231 1622 2263 Ille
1635 2233 1739 2264 contra
1757 2233 1821 2264 hoec
1833 2234 1939 2265 amnia

383 2354 401 2385 ¹)
420 2353 491 2379 Sunt
509 2353 556 2387 qui
574 2360 635 2379 eum
653 2351 870 2379 adumbrativum
889 2352 1031 2386 appellent.
