2181 2783
1032 158 1185 192 ..18-

424 248 475 310 B.
547 251 670 310 Aee.
710 268 850 310 eum
889 250 989 311 inf.
1027 253 1242 312 obieeti
1278 253 1478 312 locum
1517 253 1794 314 obtinens

1044 349 1175 381 additur

757 421 786 457 1)
806 421 946 452 verbi·
968 421 1188 459 sentiendi,
1210 421 1460 454 declarandi.

370 493 471 524 Andr.
495 493 555 524 397
576 492 613 523 Si
635 494 660 523 te
680 501 765 532 aequo
785 493 892 524 animo
911 494 994 533 ferre
1015 493 1162 532 accipiet.

370 542 449 573 Eun.
477 542 533 572 114
555 549 604 580 sq.
625 541 776 572 Mercator
796 541 849 572 hoe
869 541 1012 574 addebat
1027 566 1034 573 .
1051 565 1058 571 .
1075 566 1082 574 .
1096 551 1128 573 se
1147 541 1272 573 audisse
1292 542 1450 581 abreptam
1473 551 1488 573 e
1508 541 1605 574 Sunio
1626 546 1667 581 (v.
1682 551 1755 583 pag.
1769 544 1828 580 29).

371 590 432 621 Ad.
458 590 514 621 183
534 590 718 621 Libertatem
740 590 832 621 aiunt
853 599 914 622 esse
934 599 1057 629 aequam
1078 591 1227 622 omnibus.
1269 591 1311 622 Et
1332 590 1415 622 alias
1437 598 1536 630 saepe.

369 639 497 671 Phorm.
519 639 580 670 909
600 638 640 670 Id
662 640 814 679 tantqoere
834 648 890 670 uos
909 640 986 670 uelle
1008 639 1315 671 animaduerteram.

370 688 472 719 Andr.
494 688 554 719 563
575 695 624 726 sq.
657 688 701 718 At
730 696 781 727 eqo
810 696 870 718 non
889 696 981 727 posse
1002 687 1140 719 arbitror
1160 696 1253 727 neque
1273 688 1365 719 illum
1386 687 1465 719 hanc
1479 689 1627 726 perpetuo
1646 688 1756 719 habere
1775 696 1869 727 neque
1888 696 1937 719 me

267 737 397 775 perpeti.
441 735 509 767 Cet.
532 744 582 767 ex.
604 736 728 767 omitto.
892 755 941 781 ‹ss-

370 783 450 816 Hec.
472 784 531 815 367
553 783 601 814 Me
621 792 780 823 aspexere
801 784 917 831 ancilla
936 784 1105 815 aduenisse.
1132 801 1163 806 —
1188 784 1309 816 Heaut
1333 785 1373 815 68
1393 792 1442 822 sq.
1463 783 1671 822 Numquam.
1714 785 1803 815 .tam
1817 784 1937 823 uesperi

274 833 402 863 domum
432 833 578 869 reuertar,
610 832 685 870 quin
707 833 732 862 te
752 833 786 863 in
805 832 903 872 fundo
924 832 1091 871 conspicer
1111 832 1213 871 fodere
1232 833 1290 863 aut
1308 840 1403 863 arare
1422 833 1480 862 aut
1498 831 1620 870 aliauid
1638 807 1720 871 ferre
1739 831 1875 871 denique.
1901 849 1932 854 —

273 881 353 912 Eun.
378 881 437 911 435
458 879 543 911 Eam
563 888 613 910 me
633 888 743 911 amare
763 880 978 919 suspicatast.
1020 879 1140 912 Heaut.
1157 881 1235 911 1014
1256 880 1421 911 Subditum
1441 888 1473 911 se
1491 880 1678 919 micatur.
1720 879 1800 911 Hec.
1814 880 1874 912 365
1886 887 1935 918 sq.

274 929 346 960 Alio
365 929 529 967 suspicans
548 928 653 959 morbo
673 937 722 959 me
741 929 890 959 uisurum
910 928 1063 968 adfectam
1084 937 1120 959 ac
1139 929 1221 959 sensi
1240 937 1302 960 esse
1321 937 1459 960 uxorem.

371 977 472 1008 Andr.
496 977 554 1008 173
576 985 625 1016 sq.
647 976 786 1016 Nuptias
805 977 932 1017 futuras
952 985 1014 1008 esse
1035 977 1170 1009 audiuit.
1214 977 1272 1009 177
1293 977 1449 1009 Audierat
1467 985 1527 1008 non
1548 976 1658 1008 datum
1672 976 1716 1008 iri
1730 976 1794 1015 filio
1807 984 1936 1008 uxorem

273 1035 337 1057 suo.
379 1025 437 1056 341
470 1025 618 1056 Audierit
646 1026 705 1056 sibi
731 1027 869 1064 paratas
899 1026 1034 1064 nuptias.
1077 1026 1138 1056 474
1158 1034 1207 1064 sq.
1228 1026 1309 1057 Ante
1329 1026 1440 1057 ostium
1461 1034 1510 1056 me
1529 1025 1655 1056 audiuit
1673 1026 1764 1056 stare.
1806 1025 1867 1056 534
1887 1033 1936 1064 sq.

273 1074 327 1104 Ex
348 1075 373 1104 te
393 1073 538 1104 auditum
559 1073 613 1113 qui
633 1073 748 1111 aibant,
770 1073 857 1104 hodie
876 1074 977 1111 sitiam
998 1082 1101 1104 meam
1121 1074 1233 1104 nubere
1254 1075 1304 1104 tuo
1321 1075 1422 1113 ⁴qnato.
1465 1074 1524 1104 779
1544 1072 1719 1104 susurrari
1732 1072 1827 1104 audio
1839 1073 1937 1104 ciuem

274 1123 410 1153 Atticam
441 1130 503 1152 esse
533 1121 621 1152 hanc.
670 1122 731 1153 858
750 1121 842 1153 Nihil
862 1122 1008 1161 equidem,
1030 1122 1093 1153 nisi
1113 1122 1193 1161 quod
1214 1122 1305 1153 illum
1326 1121 1438 1153 audiui
1457 1121 1564 1152 dicere.
1606 1121 1665 1153 927
1686 1121 1735 1152 Ibi
1755 1129 1806 1160 890
1826 1121 1937 1152 audiui

273 1179 312 1201 ex
341 1171 395 1202 illo
424 1178 487 1201 sese
516 1178 578 1200 esse
597 1169 746 1201 Atticum
788 1170 868 1201 Eun.
890 1171 950 1201 665
972 1178 1020 1208 sq.
1043 1170 1108 1209 Eyo
1128 1171 1284 1201 amatores
1304 1170 1468 1201 audieram
1488 1170 1658 1201 mulierum
1678 1178 1740 1200 esse
1759 1178 1807 1201 eos
1826 1178 1936 1201 maxu-

273 1227 348 1256 mos,
370 1220 415 1249 set
433 1217 512 1248 nihil
526 1219 652 1256 potesse.
695 1217 816 1248 Heaut.
839 1218 898 1248 559
918 1217 1105 1257 Numquam
1126 1218 1315 1249 commodius
1334 1226 1485 1256 umquam
1507 1226 1597 1248 erum
1617 1217 1730 1248 audiui
1751 1217 1841 1256 loqui.

277 1266 431 1305 Cuiquam
463 1274 557 1319 ceque
577 1265 695 1296 audisti
727 1265 880 1296 commode
910 1266 1075 1304 quicquam
1106 1266 1261 1297 euenisse?
1311 1266 1437 1297 Phorm.
1460 1267 1500 1297 39
1521 1274 1570 1304 sq.
1602 1265 1723 1296 Erilem
1748 1217 1937 1303 filium685
1872 1264 1937 1296 eius

273 1314 400 1345 duxisse
419 1301 689 1344 audife-uxorem.
733 1314 792 1344 149
813 1321 861 1352 sq.
883 1313 1063 1352 Epistulam
1084 1314 1123 1344 ab
1144 1322 1176 1344 eo
1196 1313 1337 1345 adlatam
1357 1321 1419 1344 esse
1438 1313 1551 1344 audiui
1570 1313 1660 1344 modo
1679 1314 1708 1344 et
1723 1313 1767 1344 ad
1774 1313 1937 1352 portitores

274 1371 336 1393 8888
360 1362 505 1393 delatam.
549 1362 608 1393 289
638 1361 712 1392 Iam
732 1361 854 1392 dudum
876 1363 901 1392 te
921 1370 1023 1393 omnes
1043 1370 1098 1392 nos
1118 1370 1264 1393 accusare
1283 1361 1385 1393 audio.
1427 1362 1488 1393 329
1518 1361 1722 1400 Enumquam
1742 1361 1936 1392 iniuriarum

274 1410 393 1441 audisti
412 1410 492 1440 mihi
512 1410 664 1449 scriptam
685 1409 811 1440 dicam?
852 1410 912 1440 575
933 1418 982 1447 sq.
1009 1410 1131 1441 Uenisse
1152 1419 1205 1441 eas
1224 1410 1332 1441 saluas
1352 1409 1465 1441 audiui
1485 1418 1523 1440 eae
1536 1411 1644 1441 nauta.
1680 1410 1737 1440 731
1753 1409 1804 1440 Ita
1811 1410 1937 1448 patrem

274 1458 473 1490 adulescentis
492 1458 575 1497 faeta
594 1457 658 1488 haec
680 1457 807 1488 tolerare
827 1457 921 1488 audio
941 1457 1094 1489 uiolenter.
1137 1457 1216 1489 Hec.
1239 1458 1298 1489 219
1317 1457 1440 1489 Audiui
1460 1457 1571 1497 cepisse
1590 1457 1696 1489 odium
1719 1457 1763 1488 tui
1782 1456 1937 1488 Philume-

273 1515 359 1538 nam.
402 1507 463 1538 336
482 1506 590 1537 Nescio
610 1506 686 1545 quid
706 1506 773 1537 iam
795 1506 916 1537 dudum
937 1506 1032 1537 audio
1052 1506 1101 1537 hie
1123 1506 1309 1537 tumultuari
1329 1506 1455 1537 misera.
1498 1506 1557 1537 453
1580 1505 1675 1545 Quem
1695 1513 1747 1545 eyo
1764 1505 1813 1536 hic
1825 1504 1938 1536 audiui

276 1555 378 1593 loqui?
418 1554 480 1584 Ad.
504 1554 565 1584 210
585 1561 634 1592 sq.
668 1553 707 1584 Te
737 1553 831 1584 audio
861 1554 957 1584 nescio
988 1553 1065 1592 quid
1095 1555 1277 1584 concertasse
1306 1562 1377 1584 cum
1408 1561 1467 1584 ero.
1509 1554 1569 1584 355
1598 1552 1805 1592 Ctesiphonem
1825 1552 1937 1583 audiui

274 1602 377 1640 filium
397 1610 462 1632 una
481 1601 577 1641 fuisse
597 1601 631 1632 in
651 1602 790 1640 raptione
810 1609 881 1632 eum
902 1601 1059 1632 Aeschino.
1102 1601 1161 1633 535
1182 1600 1359 1632 Laudarier
1379 1602 1405 1632 te
1425 1601 1516 1632 audit
1535 1600 1658 1632 libenter
1679 1599 1837 1639 (suecicez
1859 1599 1938 1630 “Att

275 1654 331 1688 (z
345 1652 416 1686 nar)
449 1649 492 1680 du
522 1649 583 1680 blir
613 1649 763 1688 prisad“).
816 1649 910 1680 Nullo
941 1649 1011 1681 loco
1044 1649 1113 1680 Ter.
1146 1650 1280 1680 verbum
1307 1648 1459 1680 audiendi
1480 1647 1647 1680 coniunxit
1669 1656 1744 1680 cum
1765 1647 1935 1687 participio

276 1706 382 1738 praes..

372 1745 493 1777 Heaut.
519 1746 557 1776 19
577 1745 693 1776 Deinde
714 1747 766 1781 (se)
786 1745 945 1784 facturum
967 1748 1053 1781 (esse)
1075 1746 1236 1776 autumat.

372 1792 473 1824 Andr.
496 1793 556 1824 256
588 1792 715 1825 Censen
746 1801 795 1824 me
825 1793 955 1824 uerbum
979 1793 1116 1832 potuisse
1141 1792 1243 1823 ullum
1258 1792 1423 1832 proloqui?
1466 1793 1538 1832 794;
1559 1792 1640 1824 Eun.
1663 1791 1731 1832 217,
1754 1791 1822 1831 720,
1845 1791 1937 1830 1072;

275 1842 395 1874 Heaut.
420 1842 489 1880 214,
512 1842 580 1881 253,
603 1842 672 1881 462,
695 1841 767 1881 716;
788 1841 916 1872 Phorm.
940 1842 1009 1880 327,
1032 1842 1100 1880 457,
1123 1841 1195 1880 875;
1217 1840 1296 1873 Hec.
1320 1842 1389 1881 547,
1410 1842 1480 1881 662,
1502 1842 1571 1881 675,
1594 1841 1668 1880 7163
1689 1840 1752 1871 Ad.
1774 1840 1843 1871 579.

371 1889 433 1921 Ad.
455 1890 493 1920 91
517 1897 566 1927 sq.
600 1889 752 1920 Clamant
783 1897 886 1920 omnes
916 1889 1142 1928 indiqnissume
1170 1889 1287 1928 factum
1308 1897 1378 1920 esse.
1405 1906 1436 1911 -
1461 1889 1562 1920 Andr.
1586 1889 1647 1920 814
1668 1896 1739 1927 sqq.
1761 1887 1938 1919 Clamitent

273 1946 322 1969 me
352 1937 582 1977 sycophantam,
614 1937 810 1969 hereditatem
835 1937 981 1977 persequi
1011 1936 1194 1969 mendicum.
1231 1955 1262 1960 —
1297 1937 1377 1969 Eun.
1399 1937 1439 1969 23
1460 1945 1531 1976 sqq.
1553 1936 1725 1969 Exclamat
1744 1935 1857 1975 furem,
1877 1944 1937 1967 88088

268 1987 394 2025 poetam
414 1985 557 2024 fabulam
577 1985 695 2016 dedisse
715 1987 744 2016 et
761 1985 841 2016 nihil
862 1985 981 2015 dedisse
1000 1985 1165 2016 uerborum
1187 1987 1304 2023 tamen;
1327 1985 1462 2016 Colacem
1483 1993 1545 2016 esse
1564 1985 1660 2016 Naeui
1680 1985 1708 2015 et
1727 1983 1843 2023 Plauti,
1865 1985 1937 2014 uete-

274 2041 340 2063 rem
360 2033 512 2072 fabulam,
528 2033 669 2071 parasiti
687 2041 852 2072 personam
873 2032 945 2062 inde
965 2032 1103 2063 ablatam
1124 2034 1152 2062 et
1171 2033 1289 2064 militis.

373 2080 493 2113 Heaut.
518 2081 578 2112 239
598 2080 669 2112 Nem
691 2081 817 2120 cogitas
838 2080 909 2112 hinc
931 2080 1048 2120 lonyule
1069 2081 1150 2112 esse?
1191 2080 1318 2113 Phorm.
1341 2081 1400 2112 243
1421 2088 1492 2120 sqq.
1514 2079 1643 2120 Semper
1661 2087 1763 2111 seeum
1776 2079 1896 2119 coyitet.
1909 2104 1916 2111 .
1929 2102 1937 2111 .

275 2129 452 2160 communia
472 2137 534 2160 esse
555 2129 626 2160 haec.
668 2129 732 2160 Ad.
754 2129 794 2160 32
816 2137 865 2168 sq.
887 2129 955 2160 Aut
975 2130 1000 2159 te
1020 2137 1129 2160 amare
1149 2129 1259 2168 coyitat
1277 2130 1335 2160 aut
1355 2130 1407 2160 tete
1422 2129 1529 2160 amari
1542 2129 1601 2160 aut
1605 2129 1717 2168 potare
1730 2128 1819 2166 atque
1832 2127 1938 2158 animo

276 2177 404 2217 obsequi.
480 2195 484 2198 -

372 2225 474 2258 Andr.
507 2226 549 2257 90
579 2233 627 2265 sq.
661 2225 907 2265 Comperiebam
927 2225 1006 2257 nihil
1026 2225 1069 2257 ad
1088 2225 1294 2265 Pamphilum
1315 2226 1480 2265 quicquam
1500 2225 1636 2257 attime.
1678 2224 1738 2256 902
1758 2223 1808 2256 Ne
1827 2224 1866 2255 ab
1885 2223 1938 2256 hoc

276 2283 325 2305 me
354 2274 426 2314 falli
456 2275 636 2313 comperiar.
689 2274 769 2305 Hec.
802 2274 871 2312 763,
904 2274 971 2305 779.
998 2291 1029 2295 -
1054 2274 1133 2306 Hec.
1156 2275 1215 2305 489
1235 2273 1347 2305 Fuisse
1368 2276 1460 2311 (eam)
1481 2282 1556 2313 erya
1576 2281 1625 2304 me
1645 2273 1727 2303 miro
1746 2272 1864 2312 inqenio
1885 2281 1936 2305 ex-

276 2323 391 2361 pertus
421 2330 503 2354 sum.
539 2339 570 2344 —
605 2322 685 2354 Hec.
708 2322 748 2353 58
769 2330 817 2360 sq.
850 2321 969 2352 Paucos
999 2322 1143 2361 reperias
1174 2323 1384 2354 meretricibus
1409 2322 1510 2362 fidelis
1530 2321 1649 2352 euenire
1669 2321 1832 2353 amatores.
1873 2320 1936 2353 Ad.

276 2371 336 2402 860
357 2379 406 2410 sq
