<?xml version="1.0" encoding="UTF-8"?>
<!DOCTYPE html PUBLIC "-//W3C//DTD XHTML 1.0 Transitional//EN"
    "http://www.w3.org/TR/xhtml1/DTD/xhtml1-transitional.dtd">
<html xmlns="http://www.w3.org/1999/xhtml" xml:lang="en" lang="en">
 <head>
  <title>
</title>
<meta http-equiv="Content-Type" content="text/html;charset=utf-8" />
  <meta name='ocr-system' content='tesseract 3.04.00' />
  <meta name='ocr-capabilities' content='ocr_page ocr_carea ocr_par ocr_line ocrx_word'/>
</head>
<body>
  <div class='ocr_page' id='page_1' title='image "4765500_0011.png"; bbox 0 0 2181 2783; ppageno 0'>
   <div class='ocr_carea' id='block_1_1' title="bbox 959 205 1092 226">
    <p class='ocr_par' dir='ltr' id='par_1_1' title="bbox 959 205 1092 226">
     <span class='ocr_line' id='line_1_1' title="bbox 959 205 1092 226; baseline 0 -7"><span class='ocrx_word' id='word_1_1' title='bbox 959 205 1092 226; x_wconf 76' lang='lat' dir='ltr'><strong>-v-</strong></span> 
     </span>
    </p>
   </div>
   <div class='ocr_carea' id='block_1_2' title="bbox 197 270 1853 1377">
    <p class='ocr_par' dir='ltr' id='par_1_2' title="bbox 197 270 1853 479">
     <span class='ocr_line' id='line_1_2' title="bbox 294 270 1849 311; baseline -0.001 -7"><span class='ocrx_word' id='word_1_2' title='bbox 294 272 360 304; x_wconf 86' lang='lat' dir='ltr'><strong>Sed</strong></span> <span class='ocrx_word' id='word_1_3' title='bbox 389 280 476 304; x_wconf 87' lang='lat' dir='ltr'><strong>nunc</strong></span> <span class='ocrx_word' id='word_1_4' title='bbox 507 273 550 304; x_wconf 84' lang='lat' dir='ltr'><strong>ad</strong></span> <span class='ocrx_word' id='word_1_5' title='bbox 580 271 812 311; x_wconf 80' lang='lat' dir='ltr'><strong>grammaticos</strong></span> <span class='ocrx_word' id='word_1_6' title='bbox 843 271 978 303; x_wconf 84' lang='lat' dir='ltr'><strong>Latinos</strong></span> <span class='ocrx_word' id='word_1_7' title='bbox 1008 272 1230 310; x_wconf 83' lang='lat' dir='ltr'><strong>transeamus,</strong></span> <span class='ocrx_word' id='word_1_8' title='bbox 1255 270 1297 302; x_wconf 87' lang='lat' dir='ltr'><strong>de</strong></span> <span class='ocrx_word' id='word_1_9' title='bbox 1319 271 1436 309; x_wconf 86' lang='lat' dir='ltr'><strong>quibus</strong></span> <span class='ocrx_word' id='word_1_10' title='bbox 1457 273 1570 303; x_wconf 84' lang='lat' dir='ltr'><strong>tamen</strong></span> <span class='ocrx_word' id='word_1_11' title='bbox 1590 271 1624 303; x_wconf 89' lang='lat' dir='ltr'><strong>id</strong></span> <span class='ocrx_word' id='word_1_12' title='bbox 1644 272 1777 303; x_wconf 86' lang='lat' dir='ltr'><strong>tantum</strong></span> <span class='ocrx_word' id='word_1_13' title='bbox 1796 271 1849 303; x_wconf 87' lang='lat' dir='ltr'><strong>hic</strong></span> 
     </span>
     <span class='ocr_line' id='line_1_3' title="bbox 198 319 1849 367; baseline -0.001 -8"><span class='ocrx_word' id='word_1_14' title='bbox 198 334 281 367; x_wconf 82' lang='lat' dir='ltr'><strong>opus</strong></span> <span class='ocrx_word' id='word_1_15' title='bbox 302 335 378 359; x_wconf 79' lang='lat' dir='ltr'><strong>esse</strong></span> <span class='ocrx_word' id='word_1_16' title='bbox 397 327 570 359; x_wconf 81' lang='lat' dir='ltr'><strong>ostendere</strong></span> <span class='ocrx_word' id='word_1_17' title='bbox 589 327 679 366; x_wconf 88' lang='lat' dir='ltr'><strong>puto,</strong></span> <span class='ocrx_word' id='word_1_18' title='bbox 701 334 758 358; x_wconf 85' lang='lat' dir='ltr'><strong>eos</strong></span> <span class='ocrx_word' id='word_1_19' title='bbox 779 319 1022 366; x_wconf 71' lang='lat' dir='ltr'><strong>prope&#39;omnes,</strong></span> <span class='ocrx_word' id='word_1_20' title='bbox 1043 327 1082 357; x_wconf 91' lang='lat' dir='ltr'><strong>ut</strong></span> <span class='ocrx_word' id='word_1_21' title='bbox 1100 326 1178 357; x_wconf 86' lang='lat' dir='ltr'><strong>ante</strong></span> <span class='ocrx_word' id='word_1_22' title='bbox 1192 325 1267 365; x_wconf 88' lang='lat' dir='ltr'><strong>dixi,</strong></span> <span class='ocrx_word' id='word_1_23' title='bbox 1288 325 1366 357; x_wconf 84' lang='lat' dir='ltr'><strong>nihil</strong></span> <span class='ocrx_word' id='word_1_24' title='bbox 1387 325 1550 366; x_wconf 83' lang='lat' dir='ltr'><strong>attulisse,</strong></span> <span class='ocrx_word' id='word_1_25' title='bbox 1571 326 1635 357; x_wconf 86' lang='lat' dir='ltr'><strong>nisi</strong></span> <span class='ocrx_word' id='word_1_26' title='bbox 1655 334 1729 366; x_wconf 80' lang='lat' dir='ltr'><strong>quae</strong></span> <span class='ocrx_word' id='word_1_27' title='bbox 1744 325 1849 358; x_wconf 81' lang='lat' dir='ltr'><strong>Graeci</strong></span> 
     </span>
     <span class='ocr_line' id='line_1_4' title="bbox 199 380 1853 425; baseline 0 -10"><span class='ocrx_word' id='word_1_28' title='bbox 199 383 299 415; x_wconf 84' lang='lat' dir='ltr'><strong>antea</strong></span> <span class='ocrx_word' id='word_1_29' title='bbox 318 382 532 423; x_wconf 89' lang='lat' dir='ltr'><strong>protulerunt.</strong></span> <span class='ocrx_word' id='word_1_30' title='bbox 574 382 726 420; x_wconf 87' lang='lat' dir='ltr'><strong>Ceterum</strong></span> <span class='ocrx_word' id='word_1_31' title='bbox 746 381 842 422; x_wconf 86' lang='lat' dir='ltr'><strong>pauci</strong></span> <span class='ocrx_word' id='word_1_32' title='bbox 863 382 898 415; x_wconf 87' lang='lat' dir='ltr'><strong>et</strong></span> <span class='ocrx_word' id='word_1_33' title='bbox 918 380 1105 415; x_wconf 82' lang='lat' dir='ltr'><strong>Graecorum</strong></span> <span class='ocrx_word' id='word_1_34' title='bbox 1126 382 1161 414; x_wconf 92' lang='lat' dir='ltr'><strong>et</strong></span> <span class='ocrx_word' id='word_1_35' title='bbox 1180 381 1371 414; x_wconf 88' lang='lat' dir='ltr'><strong>Latinorum</strong></span> <span class='ocrx_word' id='word_1_36' title='bbox 1391 381 1588 414; x_wconf 84' lang='lat' dir='ltr'><strong>infinitivum</strong></span> <span class='ocrx_word' id='word_1_37' title='bbox 1607 380 1698 423; x_wconf 77' lang='grc' dir='ltr'><em>ὄνομα</em></span> <span class='ocrx_word' id='word_1_38' title='bbox 1716 382 1853 425; x_wconf 58' lang='grc' dir='ltr'><strong>ῥήματος</strong></span> 
     </span>
     <span class='ocr_line' id='line_1_5' title="bbox 197 437 1242 479; baseline -0.002 -9"><span class='ocrx_word' id='word_1_39' title='bbox 197 439 369 479; x_wconf 87' lang='lat' dir='ltr'><strong>putabant,</strong></span> <span class='ocrx_word' id='word_1_40' title='bbox 390 439 560 478; x_wconf 79' lang='lat' dir='ltr'><strong>pauciores</strong></span> <span class='ocrx_word' id='word_1_41' title='bbox 581 437 726 479; x_wconf 70' lang='grc' dir='ltr'><strong><em>ἐπῷρημα</em></strong></span> <span class='ocrx_word' id='word_1_42' title='bbox 747 437 968 475; x_wconf 84' lang='lat' dir='ltr'><strong>(adverbium).</strong></span> <span class='ocrx_word' id='word_1_43' title='bbox 1240 477 1242 479; x_wconf 17' lang='lat' dir='ltr'>v</span> 
     </span>
    </p>

    <p class='ocr_par' dir='ltr' id='par_1_3' title="bbox 198 492 1849 640">
     <span class='ocr_line' id='line_1_6' title="bbox 294 492 1849 534; baseline 0 -8"><span class='ocrx_word' id='word_1_44' title='bbox 294 494 402 526; x_wconf 86' lang='lat' dir='ltr'><strong>Etiam</strong></span> <span class='ocrx_word' id='word_1_45' title='bbox 422 493 709 534; x_wconf 81' lang='lat' dir='ltr'><strong>grammaticorum</strong></span> <span class='ocrx_word' id='word_1_46' title='bbox 729 493 946 526; x_wconf 76' lang='lat' dir='ltr'><strong>recentiorum</strong></span> <span class='ocrx_word' id='word_1_47' title='bbox 966 493 1061 525; x_wconf 89' lang='lat' dir='ltr'><strong>multi</strong></span> <span class='ocrx_word' id='word_1_48' title='bbox 1081 493 1115 525; x_wconf 95' lang='lat' dir='ltr'><strong>in</strong></span> <span class='ocrx_word' id='word_1_49' title='bbox 1135 492 1285 525; x_wconf 84' lang='lat' dir='ltr'><strong>infinitivi</strong></span> <span class='ocrx_word' id='word_1_50' title='bbox 1306 494 1459 525; x_wconf 86' lang='lat' dir='ltr'><strong>naturam</strong></span> <span class='ocrx_word' id='word_1_51' title='bbox 1480 493 1728 526; x_wconf 80' lang='lat' dir='ltr'><strong>accuratissime</strong></span> <span class='ocrx_word' id='word_1_52' title='bbox 1748 493 1849 534; x_wconf 88' lang='lat' dir='ltr'><strong>inqui-</strong></span> 
     </span>
     <span class='ocr_line' id='line_1_7' title="bbox 198 541 1848 591; baseline -0.001 -7"><span class='ocrx_word' id='word_1_53' title='bbox 198 551 355 584; x_wconf 78' lang='lat' dir='ltr'><strong>siverunt.</strong></span> <span class='ocrx_word' id='word_1_54' title='bbox 408 551 473 584; x_wconf 88' lang='lat' dir='ltr'><strong>Sed</strong></span> <span class='ocrx_word' id='word_1_55' title='bbox 505 551 637 590; x_wconf 83' lang='lat' dir='ltr'><strong>longum</strong></span> <span class='ocrx_word' id='word_1_56' title='bbox 667 552 721 583; x_wconf 86' lang='lat' dir='ltr'><strong>est</strong></span> <span class='ocrx_word' id='word_1_57' title='bbox 748 551 857 583; x_wconf 88' lang='lat' dir='ltr'><strong>omnia</strong></span> <span class='ocrx_word' id='word_1_58' title='bbox 877 551 928 582; x_wconf 90' lang='lat' dir='ltr'><strong>hic</strong></span> <span class='ocrx_word' id='word_1_59' title='bbox 950 541 1074 591; x_wconf 78' lang='lat' dir='ltr'><strong>afferre,</strong></span> <span class='ocrx_word' id='word_1_60' title='bbox 1097 559 1198 590; x_wconf 89' lang='lat' dir='ltr'><strong>quare</strong></span> <span class='ocrx_word' id='word_1_61' title='bbox 1219 559 1259 583; x_wconf 86' lang='lat' dir='ltr'><strong>ea</strong></span> <span class='ocrx_word' id='word_1_62' title='bbox 1279 550 1340 583; x_wconf 87' lang='lat' dir='ltr'><strong>hoc</strong></span> <span class='ocrx_word' id='word_1_63' title='bbox 1361 550 1457 583; x_wconf 91' lang='lat' dir='ltr'><strong>modo</strong></span> <span class='ocrx_word' id='word_1_64' title='bbox 1478 550 1551 583; x_wconf 91' lang='lat' dir='ltr'><strong>volo</strong></span> <span class='ocrx_word' id='word_1_65' title='bbox 1572 551 1686 590; x_wconf 82' lang='lat' dir='ltr'><strong>paucis</strong></span> <span class='ocrx_word' id='word_1_66' title='bbox 1707 559 1848 591; x_wconf 87' lang='lat' dir='ltr'><strong>compre·</strong></span> 
     </span>
     <span class='ocr_line' id='line_1_8' title="bbox 198 608 352 640; baseline -0.006 0"><span class='ocrx_word' id='word_1_67' title='bbox 198 608 352 640; x_wconf 81' lang='lat' dir='ltr'><strong>bendere:</strong></span> 
     </span>
    </p>

    <p class='ocr_par' dir='ltr' id='par_1_4' title="bbox 198 662 1850 1377">
     <span class='ocr_line' id='line_1_9' title="bbox 293 662 1849 703; baseline 0.001 -8"><span class='ocrx_word' id='word_1_68' title='bbox 293 663 477 695; x_wconf 84' lang='lat' dir='ltr'><strong>Infinitivus</strong></span> <span class='ocrx_word' id='word_1_69' title='bbox 505 663 538 695; x_wconf 87' lang='lat' dir='ltr'><strong>vi</strong></span> <span class='ocrx_word' id='word_1_70' title='bbox 563 664 598 695; x_wconf 90' lang='lat' dir='ltr'><strong>et</strong></span> <span class='ocrx_word' id='word_1_71' title='bbox 618 664 738 695; x_wconf 86' lang='lat' dir='ltr'><strong>natura</strong></span> <span class='ocrx_word' id='word_1_72' title='bbox 759 663 802 695; x_wconf 88' lang='lat' dir='ltr'><strong>ad</strong></span> <span class='ocrx_word' id='word_1_73' title='bbox 822 662 1067 695; x_wconf 85' lang='lat' dir='ltr'><strong>similitudinem</strong></span> <span class='ocrx_word' id='word_1_74' title='bbox 1087 662 1289 695; x_wconf 79' lang='lat' dir='ltr'><strong>substantivi</strong></span> <span class='ocrx_word' id='word_1_75' title='bbox 1309 662 1459 703; x_wconf 86' lang='lat' dir='ltr'><strong>verbalis,</strong></span> <span class='ocrx_word' id='word_1_76' title='bbox 1481 663 1536 703; x_wconf 91' lang='lat' dir='ltr'><strong>qui</strong></span> <span class='ocrx_word' id='word_1_77' title='bbox 1557 662 1683 702; x_wconf 89' lang='lat' dir='ltr'><strong>dicitur,</strong></span> <span class='ocrx_word' id='word_1_78' title='bbox 1704 663 1849 703; x_wconf 84' lang='lat' dir='ltr'><strong>proxime</strong></span> 
     </span>
     <span class='ocr_line' id='line_1_10' title="bbox 199 719 1848 759; baseline 0.001 -8"><span class='ocrx_word' id='word_1_79' title='bbox 199 720 339 759; x_wconf 81' lang='lat' dir='ltr'><strong>accedit3</strong></span> <span class='ocrx_word' id='word_1_80' title='bbox 367 719 563 759; x_wconf 86' lang='lat' dir='ltr'><strong>quibusdam</strong></span> <span class='ocrx_word' id='word_1_81' title='bbox 591 721 703 751; x_wconf 90' lang='lat' dir='ltr'><strong>autem</strong></span> <span class='ocrx_word' id='word_1_82' title='bbox 723 720 821 751; x_wconf 90' lang='lat' dir='ltr'><strong>rebus</strong></span> <span class='ocrx_word' id='word_1_83' title='bbox 842 719 984 751; x_wconf 85' lang='lat' dir='ltr'><strong>maxime</strong></span> <span class='ocrx_word' id='word_1_84' title='bbox 1004 720 1089 751; x_wconf 87' lang='lat' dir='ltr'><strong>inter</strong></span> <span class='ocrx_word' id='word_1_85' title='bbox 1109 727 1147 751; x_wconf 89' lang='lat' dir='ltr'><strong>se</strong></span> <span class='ocrx_word' id='word_1_86' title='bbox 1168 719 1330 751; x_wconf 85' lang='lat' dir='ltr'><strong>differunt.</strong></span> <span class='ocrx_word' id='word_1_87' title='bbox 1374 719 1519 751; x_wconf 89' lang='lat' dir='ltr'><strong>Primum</strong></span> <span class='ocrx_word' id='word_1_88' title='bbox 1538 719 1638 758; x_wconf 84' lang='lat' dir='ltr'><strong>igitur</strong></span> <span class='ocrx_word' id='word_1_89' title='bbox 1658 727 1848 752; x_wconf 88' lang='lat' dir='ltr'><strong>commemo-</strong></span> 
     </span>
     <span class='ocr_line' id='line_1_11' title="bbox 198 774 1849 815; baseline 0.001 -8"><span class='ocrx_word' id='word_1_90' title='bbox 198 776 336 807; x_wconf 89' lang='lat' dir='ltr'><strong>randum</strong></span> <span class='ocrx_word' id='word_1_91' title='bbox 357 777 410 808; x_wconf 87' lang='lat' dir='ltr'><strong>est</strong></span> <span class='ocrx_word' id='word_1_92' title='bbox 430 775 520 807; x_wconf 90' lang='lat' dir='ltr'><strong>illum</strong></span> <span class='ocrx_word' id='word_1_93' title='bbox 540 776 643 808; x_wconf 90' lang='lat' dir='ltr'><strong>menti</strong></span> <span class='ocrx_word' id='word_1_94' title='bbox 664 775 784 808; x_wconf 89' lang='lat' dir='ltr'><strong>saltem</strong></span> <span class='ocrx_word' id='word_1_95' title='bbox 804 784 841 808; x_wconf 88' lang='lat' dir='ltr'><strong>se</strong></span> <span class='ocrx_word' id='word_1_96' title='bbox 856 775 970 808; x_wconf 86' lang='lat' dir='ltr'><strong>offerre</strong></span> <span class='ocrx_word' id='word_1_97' title='bbox 985 775 1027 807; x_wconf 90' lang='lat' dir='ltr'><strong>ad</strong></span> <span class='ocrx_word' id='word_1_98' title='bbox 1041 775 1225 807; x_wconf 87' lang='lat' dir='ltr'><strong>subiectum</strong></span> <span class='ocrx_word' id='word_1_99' title='bbox 1240 774 1404 814; x_wconf 83' lang='lat' dir='ltr'><strong>quoddam</strong></span> <span class='ocrx_word' id='word_1_100' title='bbox 1419 775 1647 815; x_wconf 76' lang='lat' dir='ltr'><strong>pertinentem,</strong></span> <span class='ocrx_word' id='word_1_101' title='bbox 1663 775 1724 807; x_wconf 85' lang='lat' dir='ltr'><strong>hoc</strong></span> <span class='ocrx_word' id='word_1_102' title='bbox 1738 777 1849 808; x_wconf 82' lang='lat' dir='ltr'><strong>autem</strong></span> 
     </span>
     <span class='ocr_line' id='line_1_12' title="bbox 199 831 1849 871; baseline 0 -8"><span class='ocrx_word' id='word_1_103' title='bbox 199 832 293 871; x_wconf 81' lang='lat' dir='ltr'><strong>quasi</strong></span> <span class='ocrx_word' id='word_1_104' title='bbox 324 832 433 864; x_wconf 89' lang='lat' dir='ltr'><strong>omnia</strong></span> <span class='ocrx_word' id='word_1_105' title='bbox 459 832 493 863; x_wconf 88' lang='lat' dir='ltr'><strong>in</strong></span> <span class='ocrx_word' id='word_1_106' title='bbox 518 840 555 863; x_wconf 90' lang='lat' dir='ltr'><strong>se</strong></span> <span class='ocrx_word' id='word_1_107' title='bbox 575 832 684 871; x_wconf 87' lang='lat' dir='ltr'><strong>posita</strong></span> <span class='ocrx_word' id='word_1_108' title='bbox 704 832 829 864; x_wconf 88' lang='lat' dir='ltr'><strong>habens</strong></span> <span class='ocrx_word' id='word_1_109' title='bbox 851 833 886 864; x_wconf 91' lang='lat' dir='ltr'><strong>et</strong></span> <span class='ocrx_word' id='word_1_110' title='bbox 905 840 964 871; x_wconf 93' lang='lat' dir='ltr'><strong>per</strong></span> <span class='ocrx_word' id='word_1_111' title='bbox 984 839 1021 863; x_wconf 87' lang='lat' dir='ltr'><strong>se</strong></span> <span class='ocrx_word' id='word_1_112' title='bbox 1041 831 1150 871; x_wconf 85' lang='lat' dir='ltr'><strong>ipsum</strong></span> <span class='ocrx_word' id='word_1_113' title='bbox 1171 831 1369 871; x_wconf 88' lang='lat' dir='ltr'><strong>completum</strong></span> <span class='ocrx_word' id='word_1_114' title='bbox 1389 831 1482 863; x_wconf 87' lang='lat' dir='ltr'><strong>nobis</strong></span> <span class='ocrx_word' id='word_1_115' title='bbox 1504 831 1680 863; x_wconf 85' lang='lat' dir='ltr'><strong>obversari.</strong></span> <span class='ocrx_word' id='word_1_116' title='bbox 1724 831 1794 870; x_wconf 78' lang='lat' dir='ltr'><strong>Qua</strong></span> <span class='ocrx_word' id='word_1_117' title='bbox 1814 840 1849 863; x_wconf 88' lang='lat' dir='ltr'><strong>re</strong></span> 
     </span>
     <span class='ocr_line' id='line_1_13' title="bbox 198 885 1849 927; baseline -0.001 -8"><span class='ocrx_word' id='word_1_118' title='bbox 198 888 246 927; x_wconf 89' lang='lat' dir='ltr'><strong>fit,</strong></span> <span class='ocrx_word' id='word_1_119' title='bbox 277 888 315 919; x_wconf 92' lang='lat' dir='ltr'><strong>ut</strong></span> <span class='ocrx_word' id='word_1_120' title='bbox 345 887 505 920; x_wconf 89' lang='lat' dir='ltr'><strong>infinitivo</strong></span> <span class='ocrx_word' id='word_1_121' title='bbox 535 887 609 927; x_wconf 86' lang='lat' dir='ltr'><strong>plus</strong></span> <span class='ocrx_word' id='word_1_122' title='bbox 630 889 765 920; x_wconf 84' lang='lat' dir='ltr'><strong>maneat</strong></span> <span class='ocrx_word' id='word_1_123' title='bbox 784 885 1030 927; x_wconf 82' lang='lat' dir='ltr'><strong>significationis</strong></span> <span class='ocrx_word' id='word_1_124' title='bbox 1051 887 1202 927; x_wconf 84' lang='lat' dir='ltr'><strong>verbalis,</strong></span> <span class='ocrx_word' id='word_1_125' title='bbox 1223 886 1315 919; x_wconf 90' lang='lat' dir='ltr'><strong>velut</strong></span> <span class='ocrx_word' id='word_1_126' title='bbox 1336 895 1412 919; x_wconf 87' lang='lat' dir='ltr'><strong>eum</strong></span> <span class='ocrx_word' id='word_1_127' title='bbox 1433 895 1509 919; x_wconf 88' lang='lat' dir='ltr'><strong>cum</strong></span> <span class='ocrx_word' id='word_1_128' title='bbox 1528 887 1646 919; x_wconf 90' lang='lat' dir='ltr'><strong>iisdem</strong></span> <span class='ocrx_word' id='word_1_129' title='bbox 1665 887 1849 919; x_wconf 83' lang='lat' dir='ltr'><strong>invenimus</strong></span> 
     </span>
     <span class='ocr_line' id='line_1_14' title="bbox 198 942 1850 983; baseline 0.001 -8"><span class='ocrx_word' id='word_1_130' title='bbox 198 943 330 976; x_wconf 81' lang='lat' dir='ltr'><strong>casibus</strong></span> <span class='ocrx_word' id='word_1_131' title='bbox 361 944 570 976; x_wconf 89' lang='lat' dir='ltr'><strong>coniunctum</strong></span> <span class='ocrx_word' id='word_1_132' title='bbox 601 952 640 975; x_wconf 90' lang='lat' dir='ltr'><strong>ac</strong></span> <span class='ocrx_word' id='word_1_133' title='bbox 666 943 781 976; x_wconf 88' lang='lat' dir='ltr'><strong>modos</strong></span> <span class='ocrx_word' id='word_1_134' title='bbox 802 943 924 976; x_wconf 82' lang='lat' dir='ltr'><strong>finitos.</strong></span> <span class='ocrx_word' id='word_1_135' title='bbox 966 943 1090 976; x_wconf 87' lang='lat' dir='ltr'><strong>Deinde</strong></span> <span class='ocrx_word' id='word_1_136' title='bbox 1110 943 1208 975; x_wconf 87' lang='lat' dir='ltr'><strong>simul</strong></span> <span class='ocrx_word' id='word_1_137' title='bbox 1228 943 1427 975; x_wconf 89' lang='lat' dir='ltr'><strong>monendum</strong></span> <span class='ocrx_word' id='word_1_138' title='bbox 1448 944 1501 975; x_wconf 83' lang='lat' dir='ltr'><strong>est</strong></span> <span class='ocrx_word' id='word_1_139' title='bbox 1521 942 1681 975; x_wconf 87' lang='lat' dir='ltr'><strong>infinitivo</strong></span> <span class='ocrx_word' id='word_1_140' title='bbox 1701 944 1850 983; x_wconf 80' lang='lat' dir='ltr'><strong>tempora</strong></span> 
     </span>
     <span class='ocr_line' id='line_1_15' title="bbox 199 999 1849 1041; baseline -0.001 -9"><span class='ocrx_word' id='word_1_141' title='bbox 199 1008 274 1033; x_wconf 87' lang='lat' dir='ltr'><strong>esse</strong></span> <span class='ocrx_word' id='word_1_142' title='bbox 295 1002 461 1041; x_wconf 77' lang='lat' dir='ltr'><strong>(praesens,</strong></span> <span class='ocrx_word' id='word_1_143' title='bbox 482 1000 672 1040; x_wconf 86' lang='lat' dir='ltr'><strong>perfectum,</strong></span> <span class='ocrx_word' id='word_1_144' title='bbox 694 999 861 1040; x_wconf 76' lang='lat' dir='ltr'><strong>futurum),</strong></span> <span class='ocrx_word' id='word_1_145' title='bbox 883 1000 1000 1040; x_wconf 84' lang='lat' dir='ltr'><strong>quibus</strong></span> <span class='ocrx_word' id='word_1_146' title='bbox 1022 1000 1108 1032; x_wconf 88' lang='lat' dir='ltr'><strong>actio</strong></span> <span class='ocrx_word' id='word_1_147' title='bbox 1128 999 1280 1032; x_wconf 88' lang='lat' dir='ltr'><strong>infinitivi</strong></span> <span class='ocrx_word' id='word_1_148' title='bbox 1300 1000 1334 1031; x_wconf 92' lang='lat' dir='ltr'><strong>in</strong></span> <span class='ocrx_word' id='word_1_149' title='bbox 1355 999 1441 1039; x_wconf 90' lang='lat' dir='ltr'><strong>quod</strong></span> <span class='ocrx_word' id='word_1_150' title='bbox 1461 1001 1594 1039; x_wconf 89' lang='lat' dir='ltr'><strong>tempus</strong></span> <span class='ocrx_word' id='word_1_151' title='bbox 1615 999 1715 1031; x_wconf 87' lang='lat' dir='ltr'><strong>cadat</strong></span> <span class='ocrx_word' id='word_1_152' title='bbox 1730 999 1849 1032; x_wconf 85' lang='lat' dir='ltr'><strong>actioni</strong></span> 
     </span>
     <span class='ocr_line' id='line_1_16' title="bbox 198 1055 1850 1096; baseline -0.001 -8"><span class='ocrx_word' id='word_1_153' title='bbox 198 1056 297 1096; x_wconf 88' lang='lat' dir='ltr'><strong>verbi,</strong></span> <span class='ocrx_word' id='word_1_154' title='bbox 329 1057 367 1088; x_wconf 92' lang='lat' dir='ltr'><strong>ut</strong></span> <span class='ocrx_word' id='word_1_155' title='bbox 396 1056 445 1088; x_wconf 87' lang='lat' dir='ltr'><strong>ita</strong></span> <span class='ocrx_word' id='word_1_156' title='bbox 476 1056 591 1096; x_wconf 84' lang='lat' dir='ltr'><strong>dicam,</strong></span> <span class='ocrx_word' id='word_1_157' title='bbox 612 1056 756 1096; x_wconf 85' lang='lat' dir='ltr'><strong>primarii</strong></span> <span class='ocrx_word' id='word_1_158' title='bbox 777 1057 927 1096; x_wconf 87' lang='lat' dir='ltr'><strong>opposita</strong></span> <span class='ocrx_word' id='word_1_159' title='bbox 947 1056 981 1088; x_wconf 92' lang='lat' dir='ltr'><strong>in</strong></span> <span class='ocrx_word' id='word_1_160' title='bbox 1001 1056 1108 1088; x_wconf 89' lang='lat' dir='ltr'><strong>lucem</strong></span> <span class='ocrx_word' id='word_1_161' title='bbox 1128 1055 1299 1096; x_wconf 86' lang='lat' dir='ltr'><strong>profertur,</strong></span> <span class='ocrx_word' id='word_1_162' title='bbox 1321 1057 1422 1095; x_wconf 85' lang='lat' dir='ltr'><strong>atque</strong></span> <span class='ocrx_word' id='word_1_163' title='bbox 1443 1056 1526 1088; x_wconf 89' lang='lat' dir='ltr'><strong>duas</strong></span> <span class='ocrx_word' id='word_1_164' title='bbox 1547 1055 1684 1088; x_wconf 84' lang='lat' dir='ltr'><strong>formas:</strong></span> <span class='ocrx_word' id='word_1_165' title='bbox 1707 1055 1850 1088; x_wconf 82' lang='lat' dir='ltr'><strong>activam</strong></span> 
     </span>
     <span class='ocr_line' id='line_1_17' title="bbox 198 1111 1849 1152; baseline -0.001 -8"><span class='ocrx_word' id='word_1_166' title='bbox 198 1114 233 1144; x_wconf 88' lang='lat' dir='ltr'><strong>et</strong></span> <span class='ocrx_word' id='word_1_167' title='bbox 260 1112 437 1152; x_wconf 79' lang='lat' dir='ltr'><strong>passivam.</strong></span> <span class='ocrx_word' id='word_1_168' title='bbox 490 1112 603 1152; x_wconf 89' lang='lat' dir='ltr'><strong>Neque</strong></span> <span class='ocrx_word' id='word_1_169' title='bbox 630 1121 708 1144; x_wconf 90' lang='lat' dir='ltr'><strong>vero</strong></span> <span class='ocrx_word' id='word_1_170' title='bbox 728 1112 807 1144; x_wconf 86' lang='lat' dir='ltr'><strong>illud</strong></span> <span class='ocrx_word' id='word_1_171' title='bbox 827 1112 1098 1152; x_wconf 64' lang='lat' dir='ltr'><strong>praetereundum,</strong></span> <span class='ocrx_word' id='word_1_172' title='bbox 1121 1112 1206 1152; x_wconf 90' lang='lat' dir='ltr'><strong>quod</strong></span> <span class='ocrx_word' id='word_1_173' title='bbox 1227 1112 1298 1144; x_wconf 85' lang='lat' dir='ltr'><strong>eius</strong></span> <span class='ocrx_word' id='word_1_174' title='bbox 1320 1111 1490 1152; x_wconf 85' lang='lat' dir='ltr'><strong>attributa,</strong></span> <span class='ocrx_word' id='word_1_175' title='bbox 1512 1120 1585 1151; x_wconf 84' lang='lat' dir='ltr'><strong>quae</strong></span> <span class='ocrx_word' id='word_1_176' title='bbox 1606 1113 1774 1152; x_wconf 85' lang='lat' dir='ltr'><strong>vocantur,</strong></span> <span class='ocrx_word' id='word_1_177' title='bbox 1796 1111 1849 1143; x_wconf 91' lang='lat' dir='ltr'><strong>ad-</strong></span> 
     </span>
     <span class='ocr_line' id='line_1_18' title="bbox 198 1168 1849 1209; baseline 0 -9"><span class='ocrx_word' id='word_1_178' title='bbox 198 1168 392 1209; x_wconf 84' lang='lat' dir='ltr'><strong>verbialiter,</strong></span> <span class='ocrx_word' id='word_1_179' title='bbox 413 1177 478 1201; x_wconf 90' lang='lat' dir='ltr'><strong>non</strong></span> <span class='ocrx_word' id='word_1_180' title='bbox 498 1169 532 1200; x_wconf 92' lang='lat' dir='ltr'><strong>in</strong></span> <span class='ocrx_word' id='word_1_181' title='bbox 552 1169 691 1208; x_wconf 84' lang='lat' dir='ltr'><strong>figuram</strong></span> <span class='ocrx_word' id='word_1_182' title='bbox 712 1169 908 1201; x_wconf 73' lang='lat' dir='ltr'><strong>adjectivam</strong></span> <span class='ocrx_word' id='word_1_183' title='bbox 929 1168 1079 1209; x_wconf 81' lang='lat' dir='ltr'><strong>formata,</strong></span> <span class='ocrx_word' id='word_1_184' title='bbox 1101 1169 1131 1201; x_wconf 89' lang='lat' dir='ltr'><strong>ei</strong></span> <span class='ocrx_word' id='word_1_185' title='bbox 1152 1169 1369 1208; x_wconf 85' lang='lat' dir='ltr'><strong>apponuntur.</strong></span> <span class='ocrx_word' id='word_1_186' title='bbox 1413 1168 1477 1200; x_wconf 87' lang='lat' dir='ltr'><strong>Sed</strong></span> <span class='ocrx_word' id='word_1_187' title='bbox 1498 1168 1725 1208; x_wconf 88' lang='lat' dir='ltr'><strong>pronominum</strong></span> <span class='ocrx_word' id='word_1_188' title='bbox 1746 1176 1849 1207; x_wconf 87' lang='lat' dir='ltr'><strong>genus</strong></span> 
     </span>
     <span class='ocr_line' id='line_1_19' title="bbox 198 1224 1849 1264; baseline -0.001 -8"><span class='ocrx_word' id='word_1_189' title='bbox 198 1226 351 1257; x_wconf 89' lang='lat' dir='ltr'><strong>neutrum</strong></span> <span class='ocrx_word' id='word_1_190' title='bbox 381 1225 415 1256; x_wconf 94' lang='lat' dir='ltr'><strong>in</strong></span> <span class='ocrx_word' id='word_1_191' title='bbox 445 1224 600 1264; x_wconf 85' lang='lat' dir='ltr'><strong>singulari</strong></span> <span class='ocrx_word' id='word_1_192' title='bbox 621 1225 765 1264; x_wconf 86' lang='lat' dir='ltr'><strong>positum</strong></span> <span class='ocrx_word' id='word_1_193' title='bbox 785 1233 843 1264; x_wconf 92' lang='lat' dir='ltr'><strong>pro</strong></span> <span class='ocrx_word' id='word_1_194' title='bbox 864 1225 1024 1257; x_wconf 82' lang='lat' dir='ltr'><strong>attributo</strong></span> <span class='ocrx_word' id='word_1_195' title='bbox 1044 1233 1119 1257; x_wconf 86' lang='lat' dir='ltr'><strong>esse</strong></span> <span class='ocrx_word' id='word_1_196' title='bbox 1140 1224 1246 1256; x_wconf 85' lang='lat' dir='ltr'><strong>forma</strong></span> <span class='ocrx_word' id='word_1_197' title='bbox 1267 1224 1430 1256; x_wconf 85' lang='lat' dir='ltr'><strong>adieetiva</strong></span> <span class='ocrx_word' id='word_1_198' title='bbox 1450 1225 1646 1264; x_wconf 82' lang='lat' dir='ltr'><strong>usurpatum</strong></span> <span class='ocrx_word' id='word_1_199' title='bbox 1666 1224 1718 1255; x_wconf 87' lang='lat' dir='ltr'><strong>his</strong></span> <span class='ocrx_word' id='word_1_200' title='bbox 1739 1224 1849 1256; x_wconf 87' lang='lat' dir='ltr'><strong>confir-</strong></span> 
     </span>
     <span class='ocr_line' id='line_1_20' title="bbox 198 1279 1848 1321; baseline -0.001 -8"><span class='ocrx_word' id='word_1_201' title='bbox 198 1281 281 1313; x_wconf 88' lang='lat' dir='ltr'><strong>mari</strong></span> <span class='ocrx_word' id='word_1_202' title='bbox 311 1281 422 1321; x_wconf 83' lang='lat' dir='ltr'><strong>potest</strong></span> <span class='ocrx_word' id='word_1_203' title='bbox 452 1280 609 1321; x_wconf 83' lang='lat' dir='ltr'><strong>exemplis</strong></span> <span class='ocrx_word' id='word_1_204' title='bbox 637 1280 787 1320; x_wconf 89' lang='lat' dir='ltr'><strong>aliisque:</strong></span> <span class='ocrx_word' id='word_1_205' title='bbox 819 1280 864 1313; x_wconf 88' lang='lat' dir='ltr'><strong>Pl.</strong></span> <span class='ocrx_word' id='word_1_206' title='bbox 888 1280 980 1313; x_wconf 88' lang='lat' dir='ltr'><strong>Curc.</strong></span> <span class='ocrx_word' id='word_1_207' title='bbox 1005 1281 1063 1313; x_wconf 85' lang='lat'><strong>180</strong></span> <span class='ocrx_word' id='word_1_208' title='bbox 1083 1280 1201 1313; x_wconf 85' lang='lat' dir='ltr'><strong>Totum</strong></span> <span class='ocrx_word' id='word_1_209' title='bbox 1223 1288 1335 1313; x_wconf 86' lang='lat' dir='ltr'><strong>amare</strong></span> <span class='ocrx_word' id='word_1_210' title='bbox 1355 1280 1424 1321; x_wconf 87' lang='lat' dir='ltr'><strong>hoc,</strong></span> <span class='ocrx_word' id='word_1_211' title='bbox 1447 1279 1511 1312; x_wconf 89' lang='lat' dir='ltr'><strong>Cic.</strong></span> <span class='ocrx_word' id='word_1_212' title='bbox 1534 1279 1602 1312; x_wconf 86' lang='lat' dir='ltr'><strong>Fin.</strong></span> <span class='ocrx_word' id='word_1_213' title='bbox 1625 1279 1694 1321; x_wconf 87' lang='lat'>1‚1‚1</span> <span class='ocrx_word' id='word_1_214' title='bbox 1716 1279 1848 1320; x_wconf 83' lang='lat' dir='ltr'><strong>Quibus·</strong></span> 
     </span>
     <span class='ocr_line' id='line_1_21' title="bbox 199 1336 1477 1377; baseline -0.001 -9"><span class='ocrx_word' id='word_1_215' title='bbox 199 1337 276 1369; x_wconf 89' lang='lat' dir='ltr'><strong>dam</strong></span> <span class='ocrx_word' id='word_1_216' title='bbox 295 1339 403 1369; x_wconf 87' lang='lat' dir='ltr'><strong>totum</strong></span> <span class='ocrx_word' id='word_1_217' title='bbox 423 1337 484 1369; x_wconf 88' lang='lat' dir='ltr'><strong>hoc</strong></span> <span class='ocrx_word' id='word_1_218' title='bbox 505 1337 654 1376; x_wconf 89' lang='lat' dir='ltr'><strong>displicet</strong></span> <span class='ocrx_word' id='word_1_219' title='bbox 674 1337 901 1377; x_wconf 75' lang='lat' dir='ltr'><strong>philosophari,</strong></span> <span class='ocrx_word' id='word_1_220' title='bbox 922 1336 1010 1369; x_wconf 92' lang='lat' dir='ltr'><strong>Pers.</strong></span> <span class='ocrx_word' id='word_1_221' title='bbox 1034 1337 1119 1377; x_wconf 80' lang='lat'>1‚122</span> <span class='ocrx_word' id='word_1_222' title='bbox 1139 1337 1211 1369; x_wconf 90' lang='lat' dir='ltr'><strong>Hoc</strong></span> <span class='ocrx_word' id='word_1_223' title='bbox 1232 1337 1337 1369; x_wconf 87' lang='lat' dir='ltr'><strong>ridere</strong></span> <span class='ocrx_word' id='word_1_224' title='bbox 1358 1345 1477 1369; x_wconf 87' lang='lat' dir='ltr'><strong>meum.</strong></span> 
     </span>
    </p>
   </div>
   <div class='ocr_carea' id='block_1_3' title="bbox 2100 0 2181 201">
    <p class='ocr_par' dir='ltr' id='par_1_5' title="bbox 2100 0 2181 201">
     <span class='ocr_line' id='line_1_22' title="bbox 2100 0 2181 201; baseline 0 2582"><span class='ocrx_word' id='word_1_225' title='bbox 2100 0 2181 201; x_wconf 95' lang='lat' dir='ltr'><strong> </strong></span> 
     </span>
    </p>
   </div>
  </div>
 </body>
</html>
