2181 2783
1045 167 1176 199 -4-

372 240 493 271 Heaut.
515 241 574 271 337
595 240 687 271 Nihil
706 241 785 271 satis
805 241 894 278 firmi
913 241 1010 279 uideo,
1031 250 1128 280 quam
1149 242 1184 272 ob
1204 249 1272 272 rem
1292 241 1426 280 accipere
1445 240 1526 272 hunc
1545 242 1626 273 mihi
1643 241 1796 281 expediat
1809 242 1934 273 meacm.

273 288 334 319 388
355 288 492 327 Expedit
511 288 604 320 bonas
617 289 635 319 ¹)
656 297 718 319 esse
737 289 831 320 uobis.
874 289 953 321 Hec.
975 290 1015 320 55
1036 296 1107 328 sqq.
1129 289 1207 320 Date
1226 286 1392 326 silentium,
1413 289 1450 319 ut
1469 289 1560 320 libeat
1571 290 1700 321 scribere
1713 289 1787 321 aliis
1801 288 1936 328 minimae

274 337 310 366 ul
329 336 443 367 discere
463 345 561 368 nouas
581 336 731 375 expediat.

371 384 473 415 Andr.
506 384 566 415 816
600 383 679 414 Tum
710 384 814 422 ipsam
839 383 1008 423 despoliare
1028 392 1087 414 rum
1108 384 1196 415 libet.
1239 384 1298 415 263
1332 383 1405 422 Quoe
1425 392 1491 415 meo
1514 393 1643 424 cumque
1662 385 1768 416 animo
1788 384 1937 416 libitumst

273 432 381 471 facere.
423 431 504 463 Eun.
526 432 586 462 548
606 431 720 462 Procul
739 431 810 462 hinc
831 431 910 462 lubet
924 432 1021 470 prius
1041 431 1117 470 quid
1136 432 1178 463 sit
1196 431 1356 463 sciscitari.
1398 430 1478 463 Hec.
1500 432 1540 463 55
1561 440 1610 472 sq.
1631 432 1709 464 Date
1721 432 1887 470 silentium,
1902 433 1937 463 ut

275 480 365 510 libeat
383 480 514 510 scribere
533 480 615 511 aliis.
657 479 719 511 Ad.
742 480 801 511 445
828 479 937 510 Uiuere
957 481 1050 511 etiam
1070 489 1152 511 nunc
1173 480 1249 511 libet.
1292 480 1351 511 766
1371 478 1635 512 Prodeambulare
1654 481 1713 512 huc
1733 481 1829 513 libuit.

371 528 451 559 Eun.
483 528 523 559 35
554 535 625 566 sqq.
660 527 744 566 Quod
772 527 801 559 si
825 528 968 567 personis
998 527 1096 559 isdem
1127 527 1198 558 huic
1224 528 1271 558 uti
1295 536 1355 558 mm
1375 527 1462 567 licet,
1483 528 1538 567 qui
1557 529 1661 569 magis
1682 529 1746 560 licet
1765 529 1936 560 currentem

275 585 397 608 seruom
417 576 556 615 scribere,
589 576 682 608 bonas
712 577 875 608 matronas
905 576 1004 617 facere
1034 577 1107 608 cet?
1159 576 1216 609 261
1243 584 1292 615 sq.
1323 575 1425 608 Homo
1452 576 1546 616 eoepit
1573 585 1622 609 me
1642 577 1804 617 obsecrare,
1825 578 1861 610 ut
1878 577 1937 609 sibi

276 626 375 657 liceret
401 625 514 657 discere
539 625 572 656 id
593 625 630 656 de
650 633 707 656 me.
751 626 810 657 466
831 633 879 664 sq.
914 625 1020 664 Qeueso
1040 625 1136 656 hercle
1156 627 1191 656 ut
1211 625 1306 665 liceat,
1321 634 1400 664 pace
1419 625 1500 664 quod
1519 625 1577 664 fiat
1597 627 1659 665 tua,
1681 626 1758 658 dare
1777 626 1849 658 huic
1868 635 1937 666 quoe

275 674 428 712 uolumus,
460 674 618 704 conuenire
648 675 676 704 et
695 674 840 712 conloqui.
883 674 943 705 550
963 674 1073 704 Iamne
1092 682 1252 713 erumpere
1271 673 1325 704 hoc
1345 674 1412 704 licet
1430 673 1510 704 mihi
1527 674 1705 713 qaudium?
1745 675 1865 707 Heaut.
1887 675 1936 714 21,

276 723 324 762 36,
350 723 415 762 103,
438 723 498 754 819
519 722 701 762 (licitumst),
723 723 792 761 965,
814 722 887 761 981;
909 721 1036 754 Phorm.
1063 722 1128 762 116,
1153 722 1219 761 165,
1235 722 1294 753 405
1309 730 1368 761 sq,
1383 722 1457 762 813;
1479 721 1558 754 Hec.
1576 722 1614 754 10
1627 730 1687 763 sq„
1702 724 1742 755 30
1756 723 1935 762 (licimmst),

275 771 324 809 94,
347 771 415 810 207,
438 771 507 809 464,
529 771 603 809 873;
631 770 694 801 Ad.
719 771 785 809 179,
806 770 875 801 824.
927 770 965 801 In
985 778 1085 802 versu
1106 770 1168 802 Ad.
1190 771 1251 802 334
1271 770 1442 802 scribendo
1463 770 1626 802 fluctuant
1647 771 1802 804 editores:
1825 773 1937 804 exstat

274 817 361 856 apud
393 817 474 849 alios
506 817 556 848 Ita
576 818 815 857 obsecraturum,
838 819 874 847 ut
894 818 994 848 liceret
1011 817 1091 848 hanc
1112 825 1149 849 se
1170 826 1298 848 uxorem
1318 817 1426 848 ducere
1447 817 1579 855 (codicis
1599 818 1631 849 A
1653 818 1750 849 81οΧ-
1771 819 1821 850 ita
1840 819 1936 850 inter-

274 866 467 906 pretantes),
490 866 673 897 ceterorum
694 865 842 898 codicum
863 865 913 896 Ita
929 889 935 897 .
952 890 959 897 .
975 889 982 897 .
998 865 1059 897 sibi
1080 874 1209 897 uxorem
1230 865 1338 897 ducere
1352 864 1439 905 apud
1454 865 1544 898 alios.
1579 864 1750 898 Utramvis
1764 866 1937 899 lectionem

276 914 416 952 deligere
448 922 506 952 per
537 914 700 945 scribendi
732 922 835 952 genus
868 914 1009 945 Terentii
1040 916 1075 945 et
1101 915 1191 952 leges
1217 914 1372 945 metricas
1393 914 1479 945 licet.
1522 913 1605 951 [Uno
1625 914 1696 946 1000
1717 915 1855 952 (Phorm.
1877 915 1936 946 347

274 961 383 992 Ludas
404 961 479 998 licet)
502 961 572 993 Ter.
593 961 693 993 verbo
713 961 791 993 licet
812 961 1055 993 coniunctivum
1077 961 1216 1001 subiicit,
1240 961 1326 1000 quod
1348 961 1471 992 dictum
1493 961 1672 1000 quotidiani
1693 961 1796 994 fuisse
1818 970 1935 994 sermo—

275 1010 327 1041 nis
348 1011 462 1041 monet
482 1009 621 1048 Madvig.
633 1009 665 1046 ’)]

373 1057 453 1089 Eun.
476 1058 534 1089 331
557 1066 606 1096 sq.
628 1057 725 1088 illum
746 1057 849 1096 liquet
869 1057 948 1088 mihi
969 1057 1127 1088 deierare.
1145 1081 1151 1088 .
1168 1081 1174 1088 .
1197 1059 1270 1094 (me)
1290 1066 1350 1088 non
1370 1057 1494 1089 uidisse.

374 1106 495 1137 Heaut.
521 1106 582 1137 634
608 1114 678 1144 sqq.
711 1105 748 1136 Si
771 1114 875 1136 meum
901 1106 1069 1145 imperium
1090 1106 1212 1145 exsequi
1233 1105 1390 1145 uoluisses,
1412 1106 1625 1144 interemptam
1647 1106 1799 1146 oportuit,
1820 1115 1880 1137 non
1899 1106 1936 1137 si-

276 1154 399 1184 mulare
419 1155 548 1184 mortem
568 1153 679 1191 uerbis,
701 1162 735 1184 re
755 1154 825 1192 ipsa
855 1163 941 1193 spem
961 1154 1035 1184 uitae
1055 1154 1140 1184 dare.
1182 1153 1310 1185 Phorm.
1332 1154 1391 1185 527
1412 1154 1499 1184 Itane
1521 1153 1652 1185 tandem
1663 1154 1762 1193 facere
1781 1155 1914 1193 wortet?

373 1201 494 1234 Heaut.
529 1201 605 1233 1041
639 1209 710 1240 sqq.
742 1201 814 1233 Non
845 1201 925 1232 mihi
946 1211 1007 1241 per
1026 1202 1172 1242 fallacias
1192 1201 1344 1233 adducere
1364 1203 1433 1233 ante
1453 1202 1572 1233 oculos.
1589 1225 1596 1233 .
1612 1226 1619 1233 .
1641 1201 1743 1242 pudet
1763 1202 1861 1233 dicere
1880 1202 1938 1233 hac

270 1251 423 1289 praesente
453 1250 583 1281 uerbum
616 1251 717 1289 turpe;
748 1250 792 1281 ad
823 1251 849 1281 te
876 1250 910 1280 id
936 1251 1021 1281 nullo
1041 1251 1131 1282 modo
1151 1250 1250 1290 facere
1264 1250 1389 1289 puduit.
1432 1250 1511 1282 Hec.
1534 1250 1590 1282 231
1617 1249 1695 1281 Cum
1709 1250 1819 1289 puella
1838 1259 1936 1281 aniam

275 1298 440 1337 suscepisse
460 1298 642 1328 inimicitias
661 1306 722 1328 non
737 1297 857 1337 pudet?
897 1298 959 1329 Ad.
982 1299 1042 1329 562
1062 1298 1134 1329 Non
1149 1298 1303 1337 puduisse
1317 1298 1480 1329 uerberare
1493 1298 1646 1329 hominem
1659 1299 1776 1329 senem!
1816 1299 1876 1329 690
1899 1298 1938 1328 Te

275 1346 355 1378 ‘mihi
375 1347 479 1386 ipsum
494 1346 614 1386 puduit
626 1346 780 1385 prolowi.

373 1395 501 1426 Phorm.
523 1396 584 1426 646
604 1403 653 1433 sq.
675 1395 778 1425 Parui
798 1403 834 1426 re
855 1394 931 1426 tulit
952 1403 1011 1425 non
1032 1395 1205 1433 siwcqoisse.

373 1442 501 1474 Phorm.
523 1443 563 1474 85
585 1450 633 1481 sq.
659 1442 824 1474 Restabat
845 1442 926 1473 aliut
944 1442 1023 1473 nihil
1044 1443 1106 1473 nisi
1126 1443 1224 1473 oculos
1238 1451 1373 1481 pascere,
1395 1442 1513 1480 sectari,
1535 1442 1568 1473 in
1590 1442 1700 1473 ludum
1721 1442 1828 1473 ducere
1848 1443 1876 1473 et
1894 1450 1937 1473 re-

276 1491 391 1522 ducere
435 1491 506 1528 [586
527 1498 574 1529 sq.
599 1490 684 1529 Quod
703 1490 732 1521 si
752 1490 796 1528 fit,
818 1491 856 1521 ut
876 1498 924 1521 me
945 1491 1098 1521 excutiam
1119 1492 1208 1530 atque
1228 1490 1369 1530 eyrediar
1390 1490 1487 1530 domo,
1502 1490 1536 1521 id
1549 1491 1652 1522 restat.
1687 1489 1766 1522 Hec.
1782 1490 1843 1521 300
1858 1489 1937 1529 Quid

276 1540 372 1570 restat
391 1539 453 1570 nisi
471 1547 566 1578 porro
585 1540 621 1569 ut
639 1539 661 1576 f
663 1547 717 1569 am
738 1539 866 1578 miser?]

374 1586 501 1618 Phorm.
525 1587 583 1617 487
612 1586 725 1618 Taedet
745 1586 812 1617 iam
833 1585 945 1616 audire
965 1586 1070 1617 eadem
1091 1587 1220 1618 miliens.
1249 1604 1278 1608 —
1306 1587 1382 1645 1011
1415 1586 1493 1617 Cum
1513 1586 1566 1616 hoc
1585 1586 1651 1625 ipso
1672 1586 1826 1617 distaedet
1847 1586 1936 1624 loqui.

373 1634 474 1666 Andr,
497 1634 557 1665 452
577 1634 649 1665 Non
668 1634 733 1673 filio
754 1634 886 1666 uidetur
906 1642 1034 1665 uxorem
1055 1634 1139 1666 dare.

373 1692 470 1723 Annot.
495 1692 513 1722 1,
555 1691 597 1722 Et
617 1693 725 1731 poetae
747 1692 782 1724 et
802 1690 920 1723 solutae
942 1691 1097 1723 orationis
1119 1691 1295 1731 scriptores
1316 1698 1561 1730 nonnumquam
1582 1691 1626 1722 est
1645 1698 1720 1723 cum
1738 1689 1793 1722 inf.
1809 1690 1936 1722 coniun-

277 1741 359 1780 gunt
379 1740 413 1771 vi
433 1739 523 1772 verbi
544 1739 647 1771 1100110
667 1739 828 1779 indutum,
845 1747 908 1778 quo
922 1739 1083 1771 scribendi
1098 1747 1215 1779 genere
1229 1747 1418 1779 numquam,
1434 1739 1463 1770 si
1478 1739 1609 1771 credere
1622 1739 1699 1771 licet
1712 1738 1893 1771 Schmalzio
1904 1739 1935 1778 ⁴),

277 1797 337 1820 1100
359 1788 496 1820 Plautus
518 1796 578 1819 nec
600 1787 772 1820 Terentius
794 1788 906 1819 utitur.
949 1787 1102 1820 Kuehner
1124 1789 1237 1820 autem
1249 1788 1270 1819 5)
1293 1789 1327 1819 et
1348 1787 1497 1819 Holtze⁶)
1517 1787 1623 1819 Plaut.
1642 1787 1733 1819 Truc.
1748 1787 1848 1827 11‚6‚20
1867 1786 1936 1818 “An

277 1837 407 1869 uincere
436 1837 525 1868 mest
552 1835 750 1868 maleficio?“
777 1836 1006 1867 demonstrant
1027 1837 1061 1867 et
1083 1836 1146 1868 duo
1168 1836 1300 1868 exhibet
1320 1835 1467 1867 codicum
1488 1835 1592 1867 maior
1612 1843 1690 1875 pars
1712 1835 1861 1875 exempla
1882 1835 1936 1866 Te-

277 1885 442 1917 rentiana:
469 1884 590 1916 Heaut.
614 1884 673 1916 192
697 1884 791 1923 Quem
811 1885 917 1915 minus
937 1884 1105 1915 crederest?
1136 1885 1197 1916 Ad.
1220 1885 1279 1916 828
1301 1892 1349 1923 sq.
1371 1883 1456 1915 Scire
1476 1885 1519 1915 est
1539 1884 1618 1921 (cod.
1640 1884 1685 1916 A:
1707 1883 1792 1915 Scire
1811 1884 1848 1920 et)
1871 1883 1936 1915 libe·

382 2002 401 2034 ¹)
420 2001 473 2027 Pro
491 2000 582 2027 dativo
601 2009 673 2032 casu,
692 2009 771 2035 quem
790 2001 1038 2035 exspectaverimus,
1057 2004 1096 2027 est
1115 2001 1292 2032 accusatiwm,
1310 2000 1343 2026 de
1361 2008 1414 2034 quo
1428 2000 1488 2027 vide
1501 2009 1560 2034 quae
1574 1999 1609 2027 ad
1624 2000 1731 2027 Phorm.
1746 2000 1796 2026 766
1810 1999 1937 2026 Facimus

278 2048 305 2070 ut
332 2045 411 2070 malis
435 2044 552 2077 expediat
574 2052 627 2069 esse
645 2043 714 2069 dixit
732 2043 872 2069 Dziatzko.
909 2043 957 2069 Cfr
975 2044 1054 2069 etiam
1073 2046 1167 2069 notum
1186 2043 1253 2069 illud
1273 2043 1420 2069 Ciceronis:
1442 2043 1513 2069 »Civi
1532 2043 1655 2069 Romano
1672 2043 1734 2068 licet
1752 2051 1808 2068 esse
1826 2042 1936 2068 Gadita-

278 2096 369 2118 num»,
394 2094 474 2120 quam
500 2085 642 2112 dictionem
668 2085 779 2119 Madvig
804 2085 981 2118 (Lateinische
1006 2086 1190 2120 Sprachlehre,
1216 2085 1423 2119 Braunschweig
1450 2085 1523 2117 1857,
1549 2086 1639 2119 5393:
1659 2093 1728 2111 anm.
1750 2085 1782 2118 1),
1810 2084 1937 2110 Kuehner

278 2129 461 2163 (Ausfiirliche
479 2128 649 2155 Grammatik
667 2127 715 2154 der
733 2128 917 2154 Lateinischen
939 2128 1064 2162 Sprache,
1083 2128 1195 2154 Zweiter
1213 2127 1299 2159 Band,
1318 2128 1466 2154 Hannover
1485 2128 1560 2159 1878,
1575 2136 1635 2162 pag.
1646 2128 1704 2154 500:
1715 2127 1747 2160 c);
1762 2128 1900 2153 50128nm.
1912 2128 1936 2160 1)

277 2176 326 2199 cet.
343 2172 551 2206 explicaverunt.

381 2215 401 2247 ²)
419 2216 434 2248 ξ
452 2214 511 2240 389;
530 2222 600 2240 anm.
620 2215 644 2240 5.

381 2257 401 2290 ⁵)
420 2256 542 2283 Conferri
561 2259 648 2290 potest
668 2256 822 2283 Graeeorum
843 2257 885 2283 ἔστι
905 2264 953 2289 pro
972 2257 1051 2290 ξεεᾳτε.

380 2301 401 2332 ⁴)
420 2301 434 2332 ξ
451 2299 510 2325 223.

382 2342 402 2375 ⁵)
421 2342 486 2376 Pag.
504 2342 564 2368 495.

383 2386 403 2417 Β)
425 2384 568 2418 »Syntmxis
587 2384 734 2419 priscorum
753 2384 913 2418 scriptorum
932 2384 1090 2410 Latinorum
1109 2392 1194 2418 usque
1212 2383 1245 2409 ad
1264 2383 1441 2415 Terentium»,
1460 2384 1511 2410 vol.
1531 2383 1569 2415 ΙΙ,
1588 2382 1685 2417 Lipsiae
1706 2382 1780 2414 1862,
1799 2392 1858 2417 pag.
1877 2383 1918 2410 26.
