2181 2783
940 117 1092 149 -7..>

271 188 351 222 Eun.
373 189 432 222 777
452 189 617 222 Ponuulon
630 197 784 229 manare,
805 188 860 228 qui
878 189 975 222 intmn
993 189 1054 222 huc
1067 191 1182 229 portes,
1203 190 1352 230 cogitas?
1401 191 1462 223 897
1479 198 1528 230 sq.
1549 190 1643 223 Hunc
1657 193 1690 224 tu
1703 192 1738 224 in
1751 192 1829 224 cedas

176 236 290 276 cogitas
307 237 440 276 recipere
453 237 602 276 pesonae?
642 236 763 268 Heaut.
784 236 844 269 607
867 236 948 275 Quid
966 246 1048 269 nunc
1066 238 1167 278 fircera
1185 238 1321 277 mitae?

272 283 399 318 Phorm.
420 285 481 317 676
500 284 556 316 Illi
575 283 655 316 mihi
674 283 773 315 dotem
793 283 860 316 iam
880 285 1124 318 constituerunt
1144 285 1230 318 dare.

273 331 374 364 Andr.
405 332 466 365 688
494 331 610 373 waere
639 332 686 363 ait
709 333 736 363 te
756 339 883 372 cupere.
924 332 1004 365 Eun.
1027 333 1086 366 145
1105 333 1212 366 Multae
1231 335 1305 365 sunt
1323 342 1426 365 causae
1445 341 1542 372 quam
1561 334 1596 365 ob
1615 343 1684 366 rem
1703 335 1828 374 cupiam

176 379 332 412 abducere.
375 379 443 419 149,
476 379 544 427 157,
578 379 645 418 172,
667 379 736 419 561,
757 380 818 411 620
838 387 902 420 sq.;
933 380 1053 413 Heaut.
1076 381 1145 421 449,
1166 382 1235 421 496,
1257 382 1326 421 497,
1347 381 1421 421 971;
1448 381 1576 413 Phorm.
1601 383 1657 414 117
1678 391 1737 422 sq.,
1762 383 1828 422 166,

179 427 270 466 1021;
291 427 354 459 Ad.
375 427 434 458 521
455 434 505 465 sq.

271 474 393 507 Heaut.
414 475 474 506 487
494 473 580 505 Dare
601 473 781 513 denegans.

271 522 373 555 Andr.
394 523 455 554 596
477 522 614 554 Gnatum
625 522 715 560 ,mihi
734 523 885 563 corrigere
897 531 997 563 porro
1017 524 1151 557 enitere.

271 569 398 602 Phorm.
420 571 481 603 538
499 570 689 609 Beneficium
708 579 840 602 rursum
859 571 888 602 ec
907 571 1111 611 experiemur
1130 571 1268 603 reddere.

271 617 393 650 Heaut.
414 619 475 651 890
494 618 561 650 Hoc
573 619 671 658 prius
690 619 769 650 scire
789 619 916 659 expeto.

271 665 351 698 Hec.
373 667 433 699 776
452 666 493 699 Id
511 667 592 707 quod
612 667 685 699 alioe
704 668 877 699 meremus
895 668 996 708 facere
1016 667 1168 708 fugitant.

271 714 334 746 Ad.
355 715 416 747 254
435 714 623 753 Bemficium
643 715 778 756 acc-apere
798 715 954 755 gaudeas.

271 762 391 794 Heaut.
414 763 473 795 496
493 763 533 794 Id
552 764 589 795 ut
607 764 777 795 maturent
796 763 904 803 facere.

270 809 333 842 Ad.
354 811 415 843 896
434 809 572 843 Meditor
591 820 654 843 esse
674 811 822 851 affabilis.

270 859 350 891 Eun.
372 859 433 891 340
452 859 631 892 Aduocatus
650 868 743 892 mane
762 859 843 892 mihi
862 868 926 891 esse
945 861 983 891 ut
1000 859 1195 891 meminerit.

269 905 467 945 Imperativo
488 907 564 939 noli
584 907 784 947 respondent
804 907 926 947 mitte,
948 907 1099 939 omitte:
1120 907 1221 939 Andr.
1243 908 1304 938 873
1323 907 1407 938 Mitte
1427 908 1510 938 male
1531 908 1622 946 loqui.
1664 909 1724 939 904
1744 908 1827 939 Mitte

174 962 272 986 orare.
314 953 394 987 Eun.
425 955 486 987 989
518 954 626 987 Omitte
653 955 690 987 de
721 957 747 987 te
776 955 883 987 dicere.
920 972 951 978 —
985 954 1157 987 Indicativi
1183 954 1323 988 formam
1350 955 1451 987 habet
1481 954 1609 987 Phorm.
1630 956 1688 987 861
1719 955 1828 987 Omitto

168 1003 323 1043 proloqui.

269 1050 370 1083 Andr.
392 1051 450 1082 841
475 1051 543 1082 Tibi
562 1060 634 1082 sum
655 1051 775 1083 oblitus
796 1052 891 1090 hodie,
913 1060 949 1083 ac
968 1052 1064 1090 uolui,
1085 1052 1192 1082 dicere.

269 1099 349 1131 Eun.
372 1100 431 1132 216
452 1108 501 1139 sq.
526 1099 637 1132 Censen
657 1102 729 1138 (me)
743 1109 834 1140 posse
854 1108 907 1133 me
927 1099 1090 1132 offirmare
1105 1100 1233 1140 perpeti,
1254 1108 1292 1131 ne
1310 1099 1435 1131 redeam
1455 1100 1593 1132 interea?

269 1147 349 1180 Hoc.
370 1148 429 1179 651
450 1147 543 1179 Hunc
562 1147 668 1180 molere
687 1157 768 1188 soepe
788 1149 984 1188 optabamus
1005 1147 1096 1180 diem.
1125 1166 1156 1171 —
1180 1148 1282 1180 Andr.
1305 1149 1345 1180 20
1364 1148 1531 1180 Aemulari
1552 1149 1698 1188 exoptat.

269 1194 349 1227 Hoc,
371 1196 430 1227 282
450 1195 591 1228 Hancine
610 1204 662 1236 eqo
681 1197 782 1228 uitam
803 1196 892 1236 parsi
906 1196 1055 1236 perdere!

269 1242 396 1275 Phorm.
419 1244 439 1275 3
458 1244 617 1275 Deterrere
632 1267 640 1276 .
655 1267 662 1275 .
679 1268 686 1276 .
701 1245 807 1284 parat.
850 1244 913 1282 [Ut
934 1252 1009 1277 cum
1029 1244 1191 1278 coniunct.
1213 1244 1255 1276 ab
1275 1244 1338 1276 hac
1358 1252 1439 1276 voce
1458 1243 1593 1283 pendet:
1627 1243 1746 1276 Heaut.
1766 1245 1827 1276 948

173 1290 220 1321 Ac
250 1291 316 1322 iam
346 1299 476 1322 uxorem
505 1292 542 1323 ut
559 1293 697 1323 accersat
708 1293 811 1331 paret.
852 1291 979 1323 Phorm.
1000 1292 1060 1324 957
1080 1292 1197 1323 Animo
1216 1291 1307 1323 uirili
1320 1292 1528 1331 praesentique
1548 1293 1584 1322 ut
1601 1292 1647 1322 sis
1660 1294 1765 1331 pam]
1791 1309 1822 1314 -

174 1338 281 1370 Semel
301 1338 481 1371 infinitivus
503 1340 556 1371 est
577 1340 685 1371 verbis
705 1341 870 1380 paratus
891 1347 933 1372 es
954 1347 1115 1372 annexus:
1136 1339 1264 1371 Phorm.
1286 1339 1346 1371 427
1366 1339 1454 1376 Itane
1474 1348 1506 1370 es
1513 1340 1653 1379 paratus
1666 1339 1765 1379 facere
1777 1348 1826 1370 me

173 1386 345 1418 aduersum
375 1387 501 1418 omnia?
537 1404 567 1409 —
602 1387 682 1420 Eun.
705 1388 744 1419 47
765 1396 815 1427 sq.
846 1387 900 1419 An
923 1387 1030 1427 potius
1053 1387 1100 1419 ita
1123 1395 1177 1420 me
1198 1395 1394 1427 comparem,
1415 1395 1475 1419 non
1489 1388 1612 1427 perpeti
1631 1388 1826 1419 meretricum

173 1435 393 1467 contumelias?

270 1482 371 1515 Andr.
392 1483 453 1515 644
475 1482 584 1514 Etiam
603 1491 684 1515 nunc
702 1491 752 1514 me
772 1483 880 1515 ducere
900 1483 969 1515 istas
988 1483 1078 1515 dictis
1097 1482 1247 1523 postulas
1268 1482 1365 1522 (idem
1385 1482 1454 1515 fere
1474 1482 1564 1515 valet
1585 1484 1684 1522 atque
1705 1483 1773 1523 vis,
1788 1485 1826 1516 ut

174 1539 264 1570 saepe
295 1530 382 1570 apud
413 1530 567 1570 comio085
600 1530 647 1562 cfr
672 1530 860 1562 Graecorum
880 1530 1012 1568 ἀξιοῦνγέ
1053 1532 1113 1563 657
1133 1530 1197 1562 Nec
1211 1531 1390 1570 postulabat
1409 1539 1491 1562 nunc
1511 1531 1677 1570 quisquam
1697 1539 1825 1562 uxorem

174 1579 257 1610 dare.
299 1578 378 1610 Eun.
400 1579 438 1610 61
460 1587 509 1618 sq.
530 1579 651 1610 Incerta
671 1578 735 1610 hcec
754 1579 783 1610 si
804 1580 838 1610 tu
851 1579 988 1618 postules
1007 1579 1125 1611 ratione
1144 1581 1227 1610 certa
1246 1579 1354 1619 facere,
1376 1578 1472 1610 nihilo
1479 1579 1557 1618 plus
1570 1588 1657 1619 aqas.
1689 1579 1751 1611 Ad.
1766 1579 1826 1611 238

173 1627 236 1658 Per
256 1627 479 1666 omresstcmem
498 1628 535 1658 ut
552 1627 632 1658 hanc
651 1627 730 1658 mihi
750 1627 868 1666 eripere
881 1627 1036 1667 postulet?

270 1674 371 1706 Andr.
404 1676 463 1706 759
492 1675 634 1714 Propera
664 1675 739 1706 adeo
762 1683 901 1714 puerum
933 1676 1033 1707 waere
1063 1675 1134 1706 hine
1158 1675 1198 1706 ab
1222 1675 1329 1707 ianua.
1371 1675 1499 1707 Phorm.
1521 1676 1582 1707 486
1601 1683 1651 1714 sq.
1671 1675 1826 1714 Prweras

173 1723 335 1755 mulierem
354 1723 510 1755 abducere.
554 1723 614 1755 845
634 1722 800 1755 Hominem
813 1731 948 1764 propero
967 1723 1116 1755 inuenire.

270 1771 371 1803 Andr.
393 1772 453 1803 822
484 1771 607 1803 Studeo
632 1771 751 1811 obseqm
777 1772 838 1803 tibi.
880 1772 938 1803 881
959 1771 1052 1803 Hanc
1071 1770 1182 1802 habere
1202 1772 1332 1804 studeat.
1374 1772 1453 1803 Eun.
1476 1771 1516 1804 28
1535 1771 1607 1803 Non
1627 1779 1686 1812 quo
1704 1772 1825 1812 furtum

174 1821 273 1859 facere
291 1819 452 1851 studuerit.
495 1820 554 1851 745
574 1828 623 1858 sq.
651 1819 718 1850 Ptbi
737 1828 867 1850 uxorem
886 1819 990 1851 studeo
1008 1819 1137 1850 reddere
1157 1828 1194 1850 aa:
1213 1821 1381 1852 restituere.
1422 1820 1484 1851 950
1504 1819 1616 1851 Studes
1635 1820 1712 1851 dare
1730 1820 1825 1852 uerba

174 1868 268 1899 nobis.
313 1867 433 1899 Heaut.
455 1868 494 1898 52
520 1867 610 1898 Uobis
623 1867 747 1907 plaeere
776 1867 926 1899 studeant.
972 1868 1032 1899 302
1052 1875 1101 1906 sq.
1136 1867 1226 1899 Gauev
1241 1877 1279 1899 ne
1298 1868 1417 1908 falsam
1433 1867 1573 1907 qratiam
1593 1867 1717 1899 studeas
1736 1868 1823 1899 inire.

174 1916 301 1947 Phorm.
330 1916 367 1947 18
396 1915 456 1947 Ille
480 1915 524 1947 ad
547 1915 663 1955 famem
688 1915 768 1947 hunc
787 1924 809 1947 a
828 1915 930 1947 studio
949 1915 1069 1947 studuit
1086 1915 1205 1947 reicere.
1247 1916 1310 1948 Ad.
1333 1916 1372 1948 73
1392 1915 1503 1947 Studet
1514 1924 1582 1956 par
1600 1915 1724 1955 referre.
1767 1916 1824 1947 745

174 1963 280 2002 Neque
309 1963 399 1993 illam
429 1971 504 1994 sane
533 1963 637 1994 studeo
666 1963 805 1994 uendere.
857 1964 918 1994 900
942 1962 1072 1994 Student
1088 1963 1196 2002 facere.
1239 1964 1303 2000 [Ad
1324 1965 1384 1995 868
1404 1971 1454 2002 sq.
1475 1963 1561 1994 Dum
1580 1963 1684 1994 studeo
1703 1963 1767 1994 illis
1786 1965 1825 1994 ut

175 2019 270 2050 quam
284 2010 465 2050 plurimum
484 2011 637 2049 samem]

270 2058 372 2090 Andr.
393 2059 453 2091 633
474 2058 602 2090 Timent
622 2057 779 2098 denegare.
792 2058 812 2090 ¹)

272 2105 373 2139 Andr.
404 2106 464 2138 323
495 2105 617 2139 Uereor
646 2105 753 2138 dwere.
805 2106 865 2138 488
883 2105 968 2137 Huic
987 2108 1033 2138 est
1049 2107 1169 2138 verines
1188 2108 1320 2146 optumae
1340 2106 1526 2138 adulescenti
1544 2106 1643 2146 faeere
1663 2106 1824 2137 iniuriam.

175 2154 236 2186 936
255 2153 352 2186 Illam
371 2154 542 2195 relinquere
561 2153 610 2186 hic
629 2155 675 2185 est
691 2153 819 2186 ueritus.
853 2153 981 2187 Phorm.
1002 2155 1041 2187 61
1067 2153 1177 2186 Uerere
1198 2157 1254 2193 (=
1268 2154 1335 2192 τῖε)
1355 2154 1452 2186 uerba
1471 2154 1500 2185 ei
1513 2153 1655 2185 credere?
1688 2153 1750 2185 Ad.
1765 2154 1825 2186 269

180 2201 291 2233 Uereor
311 2210 416 2234 coram
436 2202 470 2234 in
490 2210 523 2234 os
544 2203 570 2233 te
590 2200 736 2234 laudare.

175 2323 266 2351 Bel-lm
279 2282 387 2352 ¹)Sggide
405 2282 575 2317 Spengelium
594 2282 629 2308 ad
645 2282 719 2308 hunc
735 2282 824 2308 locum
842 2282 904 2316 (Die
917 2281 1067 2309 Komiidien
1084 2282 1130 2308 des
1145 2282 1175 2308 P.
1189 2282 1329 2316 Terentius
1342 2282 1442 2309 erklfirt
1455 2290 1507 2308 von
1520 2283 1553 2308 A.
1569 2280 1694 2315 Spengel:
1713 2280 1824 2312 Andria,

239 2323 244 2330 ‘
284 2325 298 2350 1
351 2325 370 2359 ).
