<?xml version="1.0" encoding="UTF-8"?>
<!DOCTYPE html PUBLIC "-//W3C//DTD XHTML 1.0 Transitional//EN"
    "http://www.w3.org/TR/xhtml1/DTD/xhtml1-transitional.dtd">
<html xmlns="http://www.w3.org/1999/xhtml" xml:lang="en" lang="en">
 <head>
  <title>
</title>
<meta http-equiv="Content-Type" content="text/html;charset=utf-8" />
  <meta name='ocr-system' content='tesseract 3.04.00' />
  <meta name='ocr-capabilities' content='ocr_page ocr_carea ocr_par ocr_line ocrx_word'/>
</head>
<body>
  <div class='ocr_page' id='page_1' title='image "4765500_0026.png"; bbox 0 0 2181 2783; ppageno 0'>
   <div class='ocr_carea' id='block_1_1' title="bbox 633 480 1607 667">
    <p class='ocr_par' dir='ltr' id='par_1_1' title="bbox 633 480 1607 667">
     <span class='ocr_line' id='line_1_1' title="bbox 1087 480 1154 530; baseline -0.015 0"><span class='ocrx_word' id='word_1_1' title='bbox 1087 480 1154 530; x_wconf 94' lang='lat'><strong>11.</strong></span> 
     </span>
     <span class='ocr_line' id='line_1_2' title="bbox 633 593 1607 667; baseline 0.001 -3"><span class='ocrx_word' id='word_1_2' title='bbox 633 594 1044 666; x_wconf 76' lang='lat' dir='ltr'><strong>Accusativus</strong></span> <span class='ocrx_word' id='word_1_3' title='bbox 1089 615 1226 666; x_wconf 83' lang='lat' dir='ltr'><strong>cum</strong></span> <span class='ocrx_word' id='word_1_4' title='bbox 1268 593 1607 667; x_wconf 79' lang='lat' dir='ltr'><strong>infinitivo.</strong></span> 
     </span>
    </p>
   </div>
   <div class='ocr_carea' id='block_1_2' title="bbox 294 728 1947 1722">
    <p class='ocr_par' dir='ltr' id='par_1_2' title="bbox 294 728 1947 1047">
     <span class='ocr_line' id='line_1_3' title="bbox 392 728 1946 769; baseline 0.003 -11"><span class='ocrx_word' id='word_1_5' title='bbox 392 728 445 759; x_wconf 87' lang='lat' dir='ltr'><strong>Ad</strong></span> <span class='ocrx_word' id='word_1_6' title='bbox 465 728 605 767; x_wconf 87' lang='lat' dir='ltr'><strong>plurima</strong></span> <span class='ocrx_word' id='word_1_7' title='bbox 625 729 726 759; x_wconf 85' lang='lat' dir='ltr'><strong>verba</strong></span> <span class='ocrx_word' id='word_1_8' title='bbox 746 729 927 768; x_wconf 87' lang='lat' dir='ltr'><strong>causativa,</strong></span> <span class='ocrx_word' id='word_1_9' title='bbox 950 730 987 760; x_wconf 90' lang='lat' dir='ltr'><strong>ut</strong></span> <span class='ocrx_word' id='word_1_10' title='bbox 1008 738 1049 760; x_wconf 86' lang='lat' dir='ltr'><strong>ex</strong></span> <span class='ocrx_word' id='word_1_11' title='bbox 1070 729 1227 768; x_wconf 85' lang='lat' dir='ltr'><strong>exemplis</strong></span> <span class='ocrx_word' id='word_1_12' title='bbox 1248 729 1344 768; x_wconf 81' lang='lat' dir='ltr'><strong>paulo</strong></span> <span class='ocrx_word' id='word_1_13' title='bbox 1366 730 1443 761; x_wconf 84' lang='lat' dir='ltr'><strong>ante</strong></span> <span class='ocrx_word' id='word_1_14' title='bbox 1464 729 1573 761; x_wconf 79' lang='lat' dir='ltr'><strong>allatis</strong></span> <span class='ocrx_word' id='word_1_15' title='bbox 1594 731 1741 769; x_wconf 81' lang='lat' dir='ltr'><strong>apparet,</strong></span> <span class='ocrx_word' id='word_1_16' title='bbox 1762 732 1797 761; x_wconf 92' lang='lat' dir='ltr'><strong>et</strong></span> <span class='ocrx_word' id='word_1_17' title='bbox 1815 739 1946 762; x_wconf 88' lang='lat' dir='ltr'><strong>accusa-</strong></span> 
     </span>
     <span class='ocr_line' id='line_1_4' title="bbox 295 784 1944 826; baseline 0.002 -11"><span class='ocrx_word' id='word_1_18' title='bbox 295 784 384 815; x_wconf 85' lang='lat' dir='ltr'><strong>tivus</strong></span> <span class='ocrx_word' id='word_1_19' title='bbox 406 785 440 815; x_wconf 91' lang='lat' dir='ltr'><strong>et</strong></span> <span class='ocrx_word' id='word_1_20' title='bbox 460 784 640 816; x_wconf 87' lang='lat' dir='ltr'><strong>infinitivus</strong></span> <span class='ocrx_word' id='word_1_21' title='bbox 661 784 758 815; x_wconf 87' lang='lat' dir='ltr'><strong>simul</strong></span> <span class='ocrx_word' id='word_1_22' title='bbox 780 792 817 816; x_wconf 88' lang='lat' dir='ltr'><strong>se</strong></span> <span class='ocrx_word' id='word_1_23' title='bbox 839 785 1001 824; x_wconf 89' lang='lat' dir='ltr'><strong>applicare</strong></span> <span class='ocrx_word' id='word_1_24' title='bbox 1022 787 1169 825; x_wconf 77' lang='lat' dir='ltr'><strong>possunt.</strong></span> <span class='ocrx_word' id='word_1_25' title='bbox 1208 785 1303 817; x_wconf 86' lang='lat' dir='ltr'><strong>Hanc</strong></span> <span class='ocrx_word' id='word_1_26' title='bbox 1318 785 1594 817; x_wconf 77' lang='lat' dir='ltr'><strong>constructionem</strong></span> <span class='ocrx_word' id='word_1_27' title='bbox 1607 786 1649 817; x_wconf 83' lang='lat' dir='ltr'><strong>ab</strong></span> <span class='ocrx_word' id='word_1_28' title='bbox 1664 794 1712 826; x_wconf 84' lang='lat' dir='ltr'><strong>ea,</strong></span> <span class='ocrx_word' id='word_1_29' title='bbox 1727 794 1801 825; x_wconf 85' lang='lat' dir='ltr'><strong>quae</strong></span> <span class='ocrx_word' id='word_1_30' title='bbox 1815 787 1944 819; x_wconf 91' lang='lat' dir='ltr'><strong>nomine</strong></span> 
     </span>
     <span class='ocr_line' id='line_1_5' title="bbox 295 841 1943 881; baseline 0.002 -10"><span class='ocrx_word' id='word_1_31' title='bbox 295 841 477 872; x_wconf 81' lang='lat' dir='ltr'><strong>accusativi</strong></span> <span class='ocrx_word' id='word_1_32' title='bbox 498 849 573 872; x_wconf 91' lang='lat' dir='ltr'><strong>cum</strong></span> <span class='ocrx_word' id='word_1_33' title='bbox 592 841 649 872; x_wconf 87' lang='lat' dir='ltr'><strong>inf.</strong></span> <span class='ocrx_word' id='word_1_34' title='bbox 670 842 776 872; x_wconf 86' lang='lat' dir='ltr'><strong>notari</strong></span> <span class='ocrx_word' id='word_1_35' title='bbox 797 841 890 881; x_wconf 90' lang='lat' dir='ltr'><strong>solet,</strong></span> <span class='ocrx_word' id='word_1_36' title='bbox 912 850 1030 880; x_wconf 87' lang='lat' dir='ltr'><strong>genere</strong></span> <span class='ocrx_word' id='word_1_37' title='bbox 1050 843 1122 881; x_wconf 89' lang='lat' dir='ltr'><strong>ipso</strong></span> <span class='ocrx_word' id='word_1_38' title='bbox 1143 842 1271 874; x_wconf 88' lang='lat' dir='ltr'><strong>differre</strong></span> <span class='ocrx_word' id='word_1_39' title='bbox 1291 844 1326 873; x_wconf 91' lang='lat' dir='ltr'><strong>et</strong></span> <span class='ocrx_word' id='word_1_40' title='bbox 1347 851 1386 874; x_wconf 82' lang='lat' dir='ltr'><strong>ex</strong></span> <span class='ocrx_word' id='word_1_41' title='bbox 1407 842 1478 881; x_wconf 89' lang='lat' dir='ltr'><strong>illis,</strong></span> <span class='ocrx_word' id='word_1_42' title='bbox 1501 851 1574 881; x_wconf 88' lang='lat' dir='ltr'><strong>quae</strong></span> <span class='ocrx_word' id='word_1_43' title='bbox 1590 842 1631 874; x_wconf 90' lang='lat' dir='ltr'><strong>de</strong></span> <span class='ocrx_word' id='word_1_44' title='bbox 1645 844 1765 874; x_wconf 85' lang='lat' dir='ltr'><strong>natura</strong></span> <span class='ocrx_word' id='word_1_45' title='bbox 1779 842 1849 874; x_wconf 88' lang='lat' dir='ltr'><strong>eius</strong></span> <span class='ocrx_word' id='word_1_46' title='bbox 1864 845 1943 874; x_wconf 87' lang='lat' dir='ltr'><strong>sunt</strong></span> 
     </span>
     <span class='ocr_line' id='line_1_6' title="bbox 294 896 1947 936; baseline 0.002 -10"><span class='ocrx_word' id='word_1_47' title='bbox 294 896 437 927; x_wconf 87' lang='lat' dir='ltr'><strong>breviter</strong></span> <span class='ocrx_word' id='word_1_48' title='bbox 458 898 723 936; x_wconf 85' lang='lat' dir='ltr'><strong>commemorata,</strong></span> <span class='ocrx_word' id='word_1_49' title='bbox 755 905 796 928; x_wconf 82' lang='lat' dir='ltr'><strong>ex</strong></span> <span class='ocrx_word' id='word_1_50' title='bbox 816 898 911 936; x_wconf 86' lang='lat' dir='ltr'><strong>parte</strong></span> <span class='ocrx_word' id='word_1_51' title='bbox 932 897 1038 929; x_wconf 87' lang='lat' dir='ltr'><strong>elucet</strong></span> <span class='ocrx_word' id='word_1_52' title='bbox 1059 899 1094 929; x_wconf 91' lang='lat' dir='ltr'><strong>et</strong></span> <span class='ocrx_word' id='word_1_53' title='bbox 1114 906 1183 929; x_wconf 89' lang='lat' dir='ltr'><strong>rem</strong></span> <span class='ocrx_word' id='word_1_54' title='bbox 1205 897 1390 936; x_wconf 82' lang='lat' dir='ltr'><strong>diligentius</strong></span> <span class='ocrx_word' id='word_1_55' title='bbox 1411 898 1693 936; x_wconf 78' lang='lat' dir='ltr'><strong>perscrutantibus</strong></span> <span class='ocrx_word' id='word_1_56' title='bbox 1713 897 1807 929; x_wconf 83' lang='lat' dir='ltr'><strong>facile</strong></span> <span class='ocrx_word' id='word_1_57' title='bbox 1828 899 1882 929; x_wconf 85' lang='lat' dir='ltr'><strong>est</strong></span> <span class='ocrx_word' id='word_1_58' title='bbox 1901 898 1947 929; x_wconf 88' lang='lat' dir='ltr'><strong>in-</strong></span> 
     </span>
     <span class='ocr_line' id='line_1_7' title="bbox 295 952 1941 992; baseline 0.001 -8"><span class='ocrx_word' id='word_1_59' title='bbox 295 952 446 991; x_wconf 89' lang='lat' dir='ltr'><strong>telligere.</strong></span> <span class='ocrx_word' id='word_1_60' title='bbox 499 953 652 984; x_wconf 87' lang='lat' dir='ltr'><strong>Ceterum</strong></span> <span class='ocrx_word' id='word_1_61' title='bbox 679 953 833 984; x_wconf 89' lang='lat' dir='ltr'><strong>Kuehner</strong></span> <span class='ocrx_word' id='word_1_62' title='bbox 846 953 864 984; x_wconf 90' lang='lat'><strong>¹)</strong></span> <span class='ocrx_word' id='word_1_63' title='bbox 890 971 921 975; x_wconf 97' lang='lat'><strong>—</strong></span> <span class='ocrx_word' id='word_1_64' title='bbox 946 962 987 985; x_wconf 89' lang='lat' dir='ltr'><strong>ne</strong></span> <span class='ocrx_word' id='word_1_65' title='bbox 1012 954 1053 985; x_wconf 92' lang='lat' dir='ltr'><strong>de</strong></span> <span class='ocrx_word' id='word_1_66' title='bbox 1078 954 1150 985; x_wconf 89' lang='lat' dir='ltr'><strong>aliis</strong></span> <span class='ocrx_word' id='word_1_67' title='bbox 1171 954 1395 992; x_wconf 81' lang='lat' dir='ltr'><strong>grammaticis</strong></span> <span class='ocrx_word' id='word_1_68' title='bbox 1416 953 1518 984; x_wconf 82' lang='lat' dir='ltr'><strong>dicam</strong></span> <span class='ocrx_word' id='word_1_69' title='bbox 1544 971 1575 975; x_wconf 98' lang='lat'><strong>—</strong></span> <span class='ocrx_word' id='word_1_70' title='bbox 1599 962 1662 992; x_wconf 87' lang='lat' dir='ltr'><strong>quo</strong></span> <span class='ocrx_word' id='word_1_71' title='bbox 1683 954 1778 986; x_wconf 90' lang='lat' dir='ltr'><strong>modo</strong></span> <span class='ocrx_word' id='word_1_72' title='bbox 1799 953 1884 985; x_wconf 86' lang='lat' dir='ltr'><strong>inter</strong></span> <span class='ocrx_word' id='word_1_73' title='bbox 1904 962 1941 985; x_wconf 86' lang='lat' dir='ltr'><strong>se</strong></span> 
     </span>
     <span class='ocr_line' id='line_1_8' title="bbox 296 1008 804 1047; baseline 0 -8"><span class='ocrx_word' id='word_1_74' title='bbox 296 1008 448 1039; x_wconf 86' lang='lat' dir='ltr'><strong>differant</strong></span> <span class='ocrx_word' id='word_1_75' title='bbox 469 1011 623 1040; x_wconf 85' lang='lat' dir='ltr'><strong>accurate</strong></span> <span class='ocrx_word' id='word_1_76' title='bbox 644 1009 804 1047; x_wconf 85' lang='lat' dir='ltr'><strong>exposuit.</strong></span> 
     </span>
    </p>

    <p class='ocr_par' dir='ltr' id='par_1_3' title="bbox 294 1065 1947 1273">
     <span class='ocr_line' id='line_1_9' title="bbox 391 1065 1946 1104; baseline 0.001 -8"><span class='ocrx_word' id='word_1_77' title='bbox 391 1065 470 1096; x_wconf 89' lang='lat' dir='ltr'><strong>Acc.</strong></span> <span class='ocrx_word' id='word_1_78' title='bbox 492 1073 568 1096; x_wconf 91' lang='lat' dir='ltr'><strong>cum</strong></span> <span class='ocrx_word' id='word_1_79' title='bbox 587 1065 653 1104; x_wconf 65' lang='lat' dir='ltr'><strong>inf„</strong></span> <span class='ocrx_word' id='word_1_80' title='bbox 674 1066 713 1096; x_wconf 92' lang='lat' dir='ltr'><strong>ut</strong></span> <span class='ocrx_word' id='word_1_81' title='bbox 734 1065 829 1097; x_wconf 89' lang='lat' dir='ltr'><strong>docet</strong></span> <span class='ocrx_word' id='word_1_82' title='bbox 849 1065 999 1096; x_wconf 87' lang='lat' dir='ltr'><strong>Schmalz</strong></span> <span class='ocrx_word' id='word_1_83' title='bbox 1025 1083 1055 1087; x_wconf 90' lang='lat'><strong>—</strong></span> <span class='ocrx_word' id='word_1_84' title='bbox 1081 1065 1136 1104; x_wconf 90' lang='lat' dir='ltr'><strong>qui</strong></span> <span class='ocrx_word' id='word_1_85' title='bbox 1155 1065 1243 1097; x_wconf 91' lang='lat' dir='ltr'><strong>idem</strong></span> <span class='ocrx_word' id='word_1_86' title='bbox 1264 1066 1304 1097; x_wconf 91' lang='lat' dir='ltr'><strong>de</strong></span> <span class='ocrx_word' id='word_1_87' title='bbox 1325 1066 1444 1104; x_wconf 87' lang='lat' dir='ltr'><strong>origine</strong></span> <span class='ocrx_word' id='word_1_88' title='bbox 1458 1065 1554 1097; x_wconf 92' lang='lat' dir='ltr'><strong>huius</strong></span> <span class='ocrx_word' id='word_1_89' title='bbox 1569 1065 1831 1097; x_wconf 84' lang='lat' dir='ltr'><strong>conformationis</strong></span> <span class='ocrx_word' id='word_1_90' title='bbox 1846 1067 1946 1104; x_wconf 88' lang='lat' dir='ltr'><strong>atque</strong></span> 
     </span>
     <span class='ocr_line' id='line_1_10' title="bbox 294 1121 1943 1160; baseline 0.001 -9"><span class='ocrx_word' id='word_1_91' title='bbox 294 1129 359 1152; x_wconf 92' lang='lat' dir='ltr'><strong>usu</strong></span> <span class='ocrx_word' id='word_1_92' title='bbox 389 1121 592 1152; x_wconf 84' lang='lat' dir='ltr'><strong>increscente</strong></span> <span class='ocrx_word' id='word_1_93' title='bbox 623 1121 859 1160; x_wconf 80' lang='lat' dir='ltr'><strong>expositionem</strong></span> <span class='ocrx_word' id='word_1_94' title='bbox 891 1121 1064 1152; x_wconf 84' lang='lat' dir='ltr'><strong>dilucidam</strong></span> <span class='ocrx_word' id='word_1_95' title='bbox 1096 1121 1197 1152; x_wconf 88' lang='lat' dir='ltr'><strong>edidit</strong></span> <span class='ocrx_word' id='word_1_96' title='bbox 1208 1122 1229 1152; x_wconf 74' lang='lat'><strong>¹)</strong></span> <span class='ocrx_word' id='word_1_97' title='bbox 1255 1139 1285 1143; x_wconf 95' lang='lat'><strong>—-</strong></span> <span class='ocrx_word' id='word_1_98' title='bbox 1310 1122 1376 1152; x_wconf 83' lang='lat' dir='ltr'><strong>iam</strong></span> <span class='ocrx_word' id='word_1_99' title='bbox 1402 1122 1442 1152; x_wconf 88' lang='lat' dir='ltr'><strong>ab</strong></span> <span class='ocrx_word' id='word_1_100' title='bbox 1468 1121 1705 1160; x_wconf 83' lang='lat' dir='ltr'><strong>antiquissimis</strong></span> <span class='ocrx_word' id='word_1_101' title='bbox 1731 1121 1943 1160; x_wconf 86' lang='lat' dir='ltr'><strong>scriptoribus</strong></span> 
     </span>
     <span class='ocr_line' id='line_1_11' title="bbox 296 1177 1947 1218; baseline 0.001 -9"><span class='ocrx_word' id='word_1_102' title='bbox 296 1177 480 1218; x_wconf 85' lang='lat' dir='ltr'><strong>saepissime</strong></span> <span class='ocrx_word' id='word_1_103' title='bbox 500 1179 679 1218; x_wconf 86' lang='lat' dir='ltr'><strong>usurpatur</strong></span> <span class='ocrx_word' id='word_1_104' title='bbox 699 1177 796 1217; x_wconf 88' lang='lat' dir='ltr'><strong>idque</strong></span> <span class='ocrx_word' id='word_1_105' title='bbox 822 1186 886 1210; x_wconf 92' lang='lat' dir='ltr'><strong>non</strong></span> <span class='ocrx_word' id='word_1_106' title='bbox 906 1178 1013 1210; x_wconf 87' lang='lat' dir='ltr'><strong>solum</strong></span> <span class='ocrx_word' id='word_1_107' title='bbox 1035 1178 1076 1209; x_wconf 88' lang='lat' dir='ltr'><strong>ab</strong></span> <span class='ocrx_word' id='word_1_108' title='bbox 1097 1178 1147 1218; x_wconf 91' lang='lat' dir='ltr'><strong>iis,</strong></span> <span class='ocrx_word' id='word_1_109' title='bbox 1170 1178 1224 1217; x_wconf 89' lang='lat' dir='ltr'><strong>qui</strong></span> <span class='ocrx_word' id='word_1_110' title='bbox 1245 1177 1377 1210; x_wconf 82' lang='lat' dir='ltr'><strong>Graecos</strong></span> <span class='ocrx_word' id='word_1_111' title='bbox 1399 1178 1545 1210; x_wconf 87' lang='lat' dir='ltr'><strong>studiose</strong></span> <span class='ocrx_word' id='word_1_112' title='bbox 1565 1178 1745 1218; x_wconf 78' lang='lat' dir='ltr'><strong>imitantur,</strong></span> <span class='ocrx_word' id='word_1_113' title='bbox 1766 1178 1825 1211; x_wconf 89' lang='lat' dir='ltr'><strong>sed</strong></span> <span class='ocrx_word' id='word_1_114' title='bbox 1846 1178 1947 1211; x_wconf 84' lang='lat' dir='ltr'><strong>etiam</strong></span> 
     </span>
     <span class='ocr_line' id='line_1_12' title="bbox 297 1234 1099 1273; baseline -0.001 -7"><span class='ocrx_word' id='word_1_115' title='bbox 297 1244 318 1266; x_wconf 94' lang='lat' dir='ltr'><strong>a</strong></span> <span class='ocrx_word' id='word_1_116' title='bbox 339 1235 471 1266; x_wconf 84' lang='lat' dir='ltr'><strong>Catone.</strong></span> <span class='ocrx_word' id='word_1_117' title='bbox 512 1235 611 1273; x_wconf 89' lang='lat' dir='ltr'><strong>Apud</strong></span> <span class='ocrx_word' id='word_1_118' title='bbox 632 1234 701 1265; x_wconf 87' lang='lat' dir='ltr'><strong>Ter.</strong></span> <span class='ocrx_word' id='word_1_119' title='bbox 724 1235 855 1272; x_wconf 91' lang='lat' dir='ltr'><strong>quidem</strong></span> <span class='ocrx_word' id='word_1_120' title='bbox 875 1235 963 1265; x_wconf 85' lang='lat' dir='ltr'><strong>haud</strong></span> <span class='ocrx_word' id='word_1_121' title='bbox 984 1235 1099 1266; x_wconf 85' lang='lat' dir='ltr'><strong>rarius.</strong></span> 
     </span>
    </p>

    <p class='ocr_par' dir='ltr' id='par_1_4' title="bbox 296 1290 1946 1554">
     <span class='ocr_line' id='line_1_13' title="bbox 391 1290 1944 1330; baseline 0 -9"><span class='ocrx_word' id='word_1_122' title='bbox 391 1290 451 1321; x_wconf 83' lang='lat' dir='ltr'><strong>Ins.</strong></span> <span class='ocrx_word' id='word_1_123' title='bbox 483 1298 571 1322; x_wconf 85' lang='lat' dir='ltr'><strong>esse</strong></span> <span class='ocrx_word' id='word_1_124' title='bbox 601 1298 758 1330; x_wconf 84' lang='lat' dir='ltr'><strong>persaepe,</strong></span> <span class='ocrx_word' id='word_1_125' title='bbox 780 1290 810 1321; x_wconf 87' lang='lat' dir='ltr'><strong>si</strong></span> <span class='ocrx_word' id='word_1_126' title='bbox 830 1290 955 1329; x_wconf 85' lang='lat' dir='ltr'><strong>copulae</strong></span> <span class='ocrx_word' id='word_1_127' title='bbox 975 1290 1082 1321; x_wconf 91' lang='lat' dir='ltr'><strong>locum</strong></span> <span class='ocrx_word' id='word_1_128' title='bbox 1103 1290 1237 1329; x_wconf 85' lang='lat' dir='ltr'><strong>obtinet,</strong></span> <span class='ocrx_word' id='word_1_129' title='bbox 1258 1290 1291 1321; x_wconf 89' lang='lat' dir='ltr'><strong>in</strong></span> <span class='ocrx_word' id='word_1_130' title='bbox 1313 1290 1608 1322; x_wconf 86' lang='lat' dir='ltr'><strong>constructionibus</strong></span> <span class='ocrx_word' id='word_1_131' title='bbox 1628 1298 1713 1322; x_wconf 91' lang='lat' dir='ltr'><strong>nom.</strong></span> <span class='ocrx_word' id='word_1_132' title='bbox 1735 1298 1810 1322; x_wconf 89' lang='lat' dir='ltr'><strong>cum</strong></span> <span class='ocrx_word' id='word_1_133' title='bbox 1831 1290 1887 1322; x_wconf 78' lang='lat' dir='ltr'><strong>inf.</strong></span> <span class='ocrx_word' id='word_1_134' title='bbox 1910 1292 1944 1322; x_wconf 90' lang='lat' dir='ltr'><strong>et</strong></span> 
     </span>
     <span class='ocr_line' id='line_1_14' title="bbox 297 1346 1945 1386; baseline -0.001 -8"><span class='ocrx_word' id='word_1_135' title='bbox 297 1355 363 1378; x_wconf 85' lang='lat' dir='ltr'><strong>acc.</strong></span> <span class='ocrx_word' id='word_1_136' title='bbox 395 1355 471 1378; x_wconf 90' lang='lat' dir='ltr'><strong>cum</strong></span> <span class='ocrx_word' id='word_1_137' title='bbox 501 1347 556 1378; x_wconf 86' lang='lat' dir='ltr'><strong>inf.</strong></span> <span class='ocrx_word' id='word_1_138' title='bbox 588 1346 759 1386; x_wconf 87' lang='lat' dir='ltr'><strong>omittitur,</strong></span> <span class='ocrx_word' id='word_1_139' title='bbox 792 1347 877 1385; x_wconf 91' lang='lat' dir='ltr'><strong>quod</strong></span> <span class='ocrx_word' id='word_1_140' title='bbox 908 1347 1025 1385; x_wconf 90' lang='lat' dir='ltr'><strong>quibus</strong></span> <span class='ocrx_word' id='word_1_141' title='bbox 1056 1346 1116 1378; x_wconf 86' lang='lat' dir='ltr'><strong>flat</strong></span> <span class='ocrx_word' id='word_1_142' title='bbox 1143 1346 1383 1378; x_wconf 89' lang='lat' dir='ltr'><strong>condicionibus</strong></span> <span class='ocrx_word' id='word_1_143' title='bbox 1411 1346 1565 1378; x_wconf 84' lang='lat' dir='ltr'><strong>Dziatzko</strong></span> <span class='ocrx_word' id='word_1_144' title='bbox 1587 1346 1627 1378; x_wconf 81' lang='lat' dir='ltr'><strong>ad</strong></span> <span class='ocrx_word' id='word_1_145' title='bbox 1649 1346 1711 1378; x_wconf 85' lang='lat' dir='ltr'><strong>Ad.</strong></span> <span class='ocrx_word' id='word_1_146' title='bbox 1736 1347 1773 1378; x_wconf 84' lang='lat'><strong>13</strong></span> <span class='ocrx_word' id='word_1_147' title='bbox 1794 1347 1889 1378; x_wconf 87' lang='lat' dir='ltr'><strong>docet</strong></span> <span class='ocrx_word' id='word_1_148' title='bbox 1910 1348 1945 1378; x_wconf 90' lang='lat' dir='ltr'><strong>et</strong></span> 
     </span>
     <span class='ocr_line' id='line_1_15' title="bbox 296 1402 1945 1442; baseline 0 -9"><span class='ocrx_word' id='word_1_149' title='bbox 296 1402 480 1433; x_wconf 84' lang='lat' dir='ltr'><strong>ostenditur</strong></span> <span class='ocrx_word' id='word_1_150' title='bbox 506 1402 540 1432; x_wconf 90' lang='lat' dir='ltr'><strong>in</strong></span> <span class='ocrx_word' id='word_1_151' title='bbox 561 1402 650 1433; x_wconf 85' lang='lat' dir='ltr'><strong>libris</strong></span> <span class='ocrx_word' id='word_1_152' title='bbox 672 1402 968 1441; x_wconf 87' lang='lat' dir='ltr'><strong>grammaticorum.</strong></span> <span class='ocrx_word' id='word_1_153' title='bbox 1011 1402 1089 1440; x_wconf 77' lang='lat' dir='ltr'><strong>Quae</strong></span> <span class='ocrx_word' id='word_1_154' title='bbox 1110 1402 1352 1441; x_wconf 77' lang='lat' dir='ltr'><strong>praetermissio,</strong></span> <span class='ocrx_word' id='word_1_155' title='bbox 1375 1403 1535 1440; x_wconf 87' lang='lat' dir='ltr'><strong>quantum</strong></span> <span class='ocrx_word' id='word_1_156' title='bbox 1554 1402 1705 1440; x_wconf 91' lang='lat' dir='ltr'><strong>equidem</strong></span> <span class='ocrx_word' id='word_1_157' title='bbox 1725 1402 1802 1442; x_wconf 90' lang='lat' dir='ltr'><strong>scio,</strong></span> <span class='ocrx_word' id='word_1_158' title='bbox 1824 1402 1945 1441; x_wconf 88' lang='lat' dir='ltr'><strong>saepius</strong></span> 
     </span>
     <span class='ocr_line' id='line_1_16' title="bbox 297 1449 1946 1498; baseline -0.001 -8"><span class='ocrx_word' id='word_1_159' title='bbox 297 1458 384 1498; x_wconf 87' lang='lat' dir='ltr'><strong>apud</strong></span> <span class='ocrx_word' id='word_1_160' title='bbox 405 1458 473 1490; x_wconf 87' lang='lat' dir='ltr'><strong>Ter.</strong></span> <span class='ocrx_word' id='word_1_161' title='bbox 495 1458 660 1490; x_wconf 89' lang='lat' dir='ltr'><strong>invenitur</strong></span> <span class='ocrx_word' id='word_1_162' title='bbox 681 1467 780 1498; x_wconf 90' lang='lat' dir='ltr'><strong>quam</strong></span> <span class='ocrx_word' id='word_1_163' title='bbox 802 1458 889 1498; x_wconf 89' lang='lat' dir='ltr'><strong>apud</strong></span> <span class='ocrx_word' id='word_1_164' title='bbox 910 1467 1107 1497; x_wconf 85' lang='lat' dir='ltr'><strong>quemquam</strong></span> <span class='ocrx_word' id='word_1_165' title='bbox 1128 1460 1310 1490; x_wconf 88' lang='lat' dir='ltr'><strong>ceterorum</strong></span> <span class='ocrx_word' id='word_1_166' title='bbox 1331 1459 1535 1498; x_wconf 81' lang='lat' dir='ltr'><strong>scriptorum.</strong></span> <span class='ocrx_word' id='word_1_167' title='bbox 1576 1458 1740 1490; x_wconf 77' lang='lat' dir='ltr'><strong>Praeterea</strong></span> <span class='ocrx_word' id='word_1_168' title='bbox 1753 1449 1854 1490; x_wconf 80' lang='lat' dir='ltr'><strong>etiam</strong></span> <span class='ocrx_word' id='word_1_169' title='bbox 1869 1466 1946 1497; x_wconf 88' lang='lat' dir='ltr'><strong>acc.‚</strong></span> 
     </span>
     <span class='ocr_line' id='line_1_17' title="bbox 296 1515 1107 1554; baseline -0.001 -8"><span class='ocrx_word' id='word_1_170' title='bbox 296 1516 334 1546; x_wconf 87' lang='lat' dir='ltr'><strong>ut</strong></span> <span class='ocrx_word' id='word_1_171' title='bbox 354 1515 438 1546; x_wconf 85' lang='lat' dir='ltr'><strong>infra</strong></span> <span class='ocrx_word' id='word_1_172' title='bbox 458 1515 650 1554; x_wconf 87' lang='lat' dir='ltr'><strong>videbimus,</strong></span> <span class='ocrx_word' id='word_1_173' title='bbox 672 1523 917 1553; x_wconf 85' lang='lat' dir='ltr'><strong>nonnumquam</strong></span> <span class='ocrx_word' id='word_1_174' title='bbox 938 1515 1107 1546; x_wconf 86' lang='lat' dir='ltr'><strong>omittitur.</strong></span> 
     </span>
    </p>

    <p class='ocr_par' dir='ltr' id='par_1_5' title="bbox 297 1570 1946 1722">
     <span class='ocr_line' id='line_1_18' title="bbox 393 1570 1946 1610; baseline -0.001 -8"><span class='ocrx_word' id='word_1_175' title='bbox 393 1570 612 1610; x_wconf 87' lang='lat' dir='ltr'><strong>“Ubicumque</strong></span> <span class='ocrx_word' id='word_1_176' title='bbox 642 1571 675 1602; x_wconf 91' lang='lat' dir='ltr'><strong>in</strong></span> <span class='ocrx_word' id='word_1_177' title='bbox 706 1571 768 1602; x_wconf 85' lang='lat' dir='ltr'><strong>hac</strong></span> <span class='ocrx_word' id='word_1_178' title='bbox 799 1571 1041 1603; x_wconf 89' lang='lat' dir='ltr'><strong>constructione</strong></span> <span class='ocrx_word' id='word_1_179' title='bbox 1072 1570 1252 1602; x_wconf 87' lang='lat' dir='ltr'><strong>infinitivus</strong></span> <span class='ocrx_word' id='word_1_180' title='bbox 1285 1571 1375 1603; x_wconf 89' lang='lat' dir='ltr'><strong>verbi</strong></span> <span class='ocrx_word' id='word_1_181' title='bbox 1406 1570 1631 1610; x_wconf 88' lang='lat' dir='ltr'><strong>impersonalis</strong></span> <span class='ocrx_word' id='word_1_182' title='bbox 1653 1570 1780 1610; x_wconf 87' lang='lat' dir='ltr'><strong>positus</strong></span> <span class='ocrx_word' id='word_1_183' title='bbox 1802 1571 1855 1602; x_wconf 88' lang='lat' dir='ltr'><strong>est</strong></span> <span class='ocrx_word' id='word_1_184' title='bbox 1875 1570 1946 1601; x_wconf 87' lang='lat' dir='ltr'><strong>sine</strong></span> 
     </span>
     <span class='ocr_line' id='line_1_19' title="bbox 297 1627 1945 1666; baseline 0 -8"><span class='ocrx_word' id='word_1_185' title='bbox 297 1627 496 1666; x_wconf 84' lang='lat' dir='ltr'><strong>accusativo,</strong></span> <span class='ocrx_word' id='word_1_186' title='bbox 518 1630 571 1659; x_wconf 87' lang='lat' dir='ltr'><strong>est</strong></span> <span class='ocrx_word' id='word_1_187' title='bbox 591 1628 652 1658; x_wconf 90' lang='lat' dir='ltr'><strong>hoc</strong></span> <span class='ocrx_word' id='word_1_188' title='bbox 673 1636 730 1666; x_wconf 89' lang='lat' dir='ltr'><strong>pro</strong></span> <span class='ocrx_word' id='word_1_189' title='bbox 752 1636 819 1659; x_wconf 83' lang='lat' dir='ltr'><strong>acc.</strong></span> <span class='ocrx_word' id='word_1_190' title='bbox 841 1636 916 1658; x_wconf 91' lang='lat' dir='ltr'><strong>cum</strong></span> <span class='ocrx_word' id='word_1_191' title='bbox 936 1627 991 1658; x_wconf 83' lang='lat' dir='ltr'><strong>inf.</strong></span> <span class='ocrx_word' id='word_1_192' title='bbox 1013 1627 1245 1666; x_wconf 83' lang='lat' dir='ltr'><strong>accipiendum,</strong></span> <span class='ocrx_word' id='word_1_193' title='bbox 1268 1628 1420 1666; x_wconf 88' lang='lat' dir='ltr'><strong>quoniam</strong></span> <span class='ocrx_word' id='word_1_194' title='bbox 1443 1627 1673 1666; x_wconf 83' lang='lat' dir='ltr'><strong>impersonalia</strong></span> <span class='ocrx_word' id='word_1_195' title='bbox 1690 1627 1844 1658; x_wconf 87' lang='lat' dir='ltr'><strong>verbaea</strong></span> <span class='ocrx_word' id='word_1_196' title='bbox 1858 1628 1945 1666; x_wconf 87' lang='lat' dir='ltr'><strong>sunt,</strong></span> 
     </span>
     <span class='ocr_line' id='line_1_20' title="bbox 297 1682 1298 1722; baseline -0.001 -7"><span class='ocrx_word' id='word_1_197' title='bbox 297 1692 370 1722; x_wconf 86' lang='lat' dir='ltr'><strong>quae</strong></span> <span class='ocrx_word' id='word_1_198' title='bbox 391 1684 575 1716; x_wconf 90' lang='lat' dir='ltr'><strong>subiectum</strong></span> <span class='ocrx_word' id='word_1_199' title='bbox 597 1692 694 1715; x_wconf 87' lang='lat' dir='ltr'><strong>suum</strong></span> <span class='ocrx_word' id='word_1_200' title='bbox 715 1683 748 1714; x_wconf 88' lang='lat' dir='ltr'><strong>in</strong></span> <span class='ocrx_word' id='word_1_201' title='bbox 769 1692 807 1715; x_wconf 87' lang='lat' dir='ltr'><strong>se</strong></span> <span class='ocrx_word' id='word_1_202' title='bbox 827 1683 997 1715; x_wconf 90' lang='lat' dir='ltr'><strong>includunt</strong></span> <span class='ocrx_word' id='word_1_203' title='bbox 1018 1685 1052 1715; x_wconf 90' lang='lat' dir='ltr'><strong>et</strong></span> <span class='ocrx_word' id='word_1_204' title='bbox 1073 1682 1266 1715; x_wconf 86' lang='lat' dir='ltr'><strong>continent.“</strong></span> <span class='ocrx_word' id='word_1_205' title='bbox 1278 1684 1298 1713; x_wconf 80' lang='lat'><strong>³)</strong></span> 
     </span>
    </p>
   </div>
   <div class='ocr_carea' id='block_1_3' title="bbox 423 1810 1825 2020">
    <p class='ocr_par' dir='ltr' id='par_1_6' title="bbox 423 1810 1825 2020">
     <span class='ocr_line' id='line_1_21' title="bbox 423 1810 1825 1871; baseline -0.001 0"><span class='ocrx_word' id='word_1_206' title='bbox 423 1812 478 1871; x_wconf 87' lang='lat' dir='ltr'><strong>A.</strong></span> <span class='ocrx_word' id='word_1_207' title='bbox 549 1812 673 1871; x_wconf 87' lang='lat' dir='ltr'><strong>Acc.</strong></span> <span class='ocrx_word' id='word_1_208' title='bbox 711 1829 852 1871; x_wconf 87' lang='lat' dir='ltr'><strong>cum</strong></span> <span class='ocrx_word' id='word_1_209' title='bbox 888 1811 988 1871; x_wconf 84' lang='lat' dir='ltr'><strong>inf.</strong></span> <span class='ocrx_word' id='word_1_210' title='bbox 1025 1811 1278 1871; x_wconf 87' lang='lat' dir='ltr'><strong>subiecti</strong></span> <span class='ocrx_word' id='word_1_211' title='bbox 1314 1811 1514 1871; x_wconf 90' lang='lat' dir='ltr'><strong>locum</strong></span> <span class='ocrx_word' id='word_1_212' title='bbox 1552 1810 1825 1870; x_wconf 89' lang='lat' dir='ltr'><strong>obtinens</strong></span> 
     </span>
     <span class='ocr_line' id='line_1_22' title="bbox 1052 1909 1197 1948; baseline 0 -8"><span class='ocrx_word' id='word_1_213' title='bbox 1052 1909 1197 1948; x_wconf 90' lang='lat' dir='ltr'><strong>iungitur</strong></span> 
     </span>
     <span class='ocr_line' id='line_1_23' title="bbox 720 1980 1534 2020; baseline -0.001 -7"><span class='ocrx_word' id='word_1_214' title='bbox 720 1983 747 2018; x_wconf 94' lang='grc'><strong>1)</strong></span> <span class='ocrx_word' id='word_1_215' title='bbox 769 1988 862 2013; x_wconf 86' lang='lat' dir='ltr'><strong>cum</strong></span> <span class='ocrx_word' id='word_1_216' title='bbox 884 1981 1164 2014; x_wconf 73' lang='lat' dir='ltr'><strong>locutionibus</strong></span> <span class='ocrx_word' id='word_1_217' title='bbox 1185 1980 1534 2020; x_wconf 73' lang='lat' dir='ltr'><strong>impersonalibus</strong></span> 
     </span>
    </p>
   </div>
   <div class='ocr_carea' id='block_1_4' title="bbox 930 2046 1325 2082">
    <p class='ocr_par' dir='ltr' id='par_1_7' title="bbox 930 2046 1325 2082">
     <span class='ocr_line' id='line_1_24' title="bbox 930 2046 1325 2082; baseline -0.003 -4"><span class='ocrx_word' id='word_1_218' title='bbox 930 2048 961 2082; x_wconf 84' lang='lat' dir='ltr'><strong>a)</strong></span> <span class='ocrx_word' id='word_1_219' title='bbox 982 2054 1063 2078; x_wconf 70' lang='lat' dir='ltr'><strong>eaeo</strong></span> <span class='ocrx_word' id='word_1_220' title='bbox 1082 2054 1146 2077; x_wconf 83' lang='lat' dir='ltr'><strong>eum</strong></span> <span class='ocrx_word' id='word_1_221' title='bbox 1167 2046 1325 2077; x_wconf 69' lang='lat' dir='ltr'><strong>aulaeum:</strong></span> 
     </span>
    </p>
   </div>
   <div class='ocr_carea' id='block_1_5' title="bbox 296 2107 1950 2246">
    <p class='ocr_par' dir='ltr' id='par_1_8' title="bbox 296 2107 1950 2246">
     <span class='ocr_line' id='line_1_25' title="bbox 394 2107 1947 2148; baseline -0.003 -7"><span class='ocrx_word' id='word_1_222' title='bbox 394 2111 473 2141; x_wconf 87' lang='lat' dir='ltr'><strong>Eun.</strong></span> <span class='ocrx_word' id='word_1_223' title='bbox 496 2111 535 2141; x_wconf 85' lang='lat'><strong>42</strong></span> <span class='ocrx_word' id='word_1_224' title='bbox 570 2109 640 2145; x_wconf 77' lang='lat' dir='ltr'><strong>Qua</strong></span> <span class='ocrx_word' id='word_1_225' title='bbox 666 2119 699 2140; x_wconf 86' lang='lat' dir='ltr'><strong>re</strong></span> <span class='ocrx_word' id='word_1_226' title='bbox 726 2118 855 2148; x_wconf 84' lang='lat' dir='ltr'><strong>aequom</strong></span> <span class='ocrx_word' id='word_1_227' title='bbox 880 2112 924 2139; x_wconf 78' lang='lat' dir='ltr'><strong>est</strong></span> <span class='ocrx_word' id='word_1_228' title='bbox 943 2119 1001 2140; x_wconf 82' lang='lat' dir='ltr'><strong>uos</strong></span> <span class='ocrx_word' id='word_1_229' title='bbox 1020 2119 1194 2148; x_wconf 66' lang='lat' dir='ltr'><strong>eoquo-scere</strong></span> <span class='ocrx_word' id='word_1_230' title='bbox 1213 2112 1306 2148; x_wconf 81' lang='lat' dir='ltr'><strong>atque</strong></span> <span class='ocrx_word' id='word_1_231' title='bbox 1325 2109 1487 2148; x_wconf 73' lang='lat' dir='ltr'><strong>iynosoere.</strong></span> <span class='ocrx_word' id='word_1_232' title='bbox 1528 2109 1588 2140; x_wconf 84' lang='lat'><strong>386</strong></span> <span class='ocrx_word' id='word_1_233' title='bbox 1609 2107 1674 2138; x_wconf 86' lang='lat' dir='ltr'><strong>Hoc</strong></span> <span class='ocrx_word' id='word_1_234' title='bbox 1689 2108 1779 2147; x_wconf 77' lang='lat' dir='ltr'><strong>patri</strong></span> <span class='ocrx_word' id='word_1_235' title='bbox 1798 2109 1947 2146; x_wconf 78' lang='lat' dir='ltr'><strong>aequomst</strong></span> 
     </span>
     <span class='ocr_line' id='line_1_26' title="bbox 296 2155 1948 2198; baseline -0.001 -10"><span class='ocrx_word' id='word_1_236' title='bbox 296 2158 377 2198; x_wconf 75' lang='lat' dir='ltr'><strong>fieri.</strong></span> <span class='ocrx_word' id='word_1_237' title='bbox 409 2159 468 2190; x_wconf 82' lang='lat'><strong>477</strong></span> <span class='ocrx_word' id='word_1_238' title='bbox 479 2166 527 2197; x_wconf 90' lang='lat' dir='ltr'><strong>sq.</strong></span> <span class='ocrx_word' id='word_1_239' title='bbox 544 2157 621 2194; x_wconf 78' lang='lat' dir='ltr'><strong>Quoe</strong></span> <span class='ocrx_word' id='word_1_240' title='bbox 631 2157 762 2188; x_wconf 82' lang='lat' dir='ltr'><strong>liberum</strong></span> <span class='ocrx_word' id='word_1_241' title='bbox 772 2157 850 2188; x_wconf 77' lang='lat' dir='ltr'><strong>seire</strong></span> <span class='ocrx_word' id='word_1_242' title='bbox 860 2166 980 2197; x_wconf 80' lang='lat' dir='ltr'><strong>oequom</strong></span> <span class='ocrx_word' id='word_1_243' title='bbox 990 2159 1034 2188; x_wconf 77' lang='lat' dir='ltr'><strong>est</strong></span> <span class='ocrx_word' id='word_1_244' title='bbox 1043 2157 1275 2189; x_wconf 76' lang='lat' dir='ltr'><strong>adulescentem.</strong></span> <span class='ocrx_word' id='word_1_245' title='bbox 1305 2156 1425 2189; x_wconf 87' lang='lat' dir='ltr'><strong>Heaut.</strong></span> <span class='ocrx_word' id='word_1_246' title='bbox 1441 2157 1509 2196; x_wconf 85' lang='lat'>203,</span> <span class='ocrx_word' id='word_1_247' title='bbox 1525 2156 1584 2187; x_wconf 83' lang='lat'><strong>214</strong></span> <span class='ocrx_word' id='word_1_248' title='bbox 1598 2164 1646 2194; x_wconf 88' lang='lat' dir='ltr'><strong>sq.</strong></span> <span class='ocrx_word' id='word_1_249' title='bbox 1662 2158 1702 2193; x_wconf 91' lang='lat' dir='ltr'><strong>(v.</strong></span> <span class='ocrx_word' id='word_1_250' title='bbox 1714 2155 1896 2195; x_wconf 88' lang='lat' dir='ltr'><strong>Appendix:</strong></span> <span class='ocrx_word' id='word_1_251' title='bbox 1908 2156 1948 2195; x_wconf 82' lang='lat'><strong>4),</strong></span> 
     </span>
     <span class='ocr_line' id='line_1_27' title="bbox 299 2203 1950 2246; baseline -0.002 -8"><span class='ocrx_word' id='word_1_252' title='bbox 299 2208 372 2245; x_wconf 86' lang='lat'>419;</span> <span class='ocrx_word' id='word_1_253' title='bbox 403 2207 530 2238; x_wconf 88' lang='lat' dir='ltr'><strong>Phorm.</strong></span> <span class='ocrx_word' id='word_1_254' title='bbox 556 2207 613 2237; x_wconf 86' lang='lat'><strong>114</strong></span> <span class='ocrx_word' id='word_1_255' title='bbox 643 2205 749 2246; x_wconf 82' lang='lat' dir='ltr'><strong>Neque</strong></span> <span class='ocrx_word' id='word_1_256' title='bbox 779 2216 850 2236; x_wconf 82' lang='lat' dir='ltr'><strong>eum</strong></span> <span class='ocrx_word' id='word_1_257' title='bbox 881 2215 1000 2245; x_wconf 79' lang='lat' dir='ltr'><strong>oequom</strong></span> <span class='ocrx_word' id='word_1_258' title='bbox 1037 2206 1121 2246; x_wconf 74' lang='lat' dir='ltr'><strong>(esse)</strong></span> <span class='ocrx_word' id='word_1_259' title='bbox 1155 2205 1202 2236; x_wconf 79' lang='lat' dir='ltr'><strong>ait</strong></span> <span class='ocrx_word' id='word_1_260' title='bbox 1230 2205 1338 2245; x_wconf 83' lang='lat' dir='ltr'><strong>faeere,</strong></span> <span class='ocrx_word' id='word_1_261' title='bbox 1360 2205 1428 2244; x_wconf 81' lang='lat'>203,</span> <span class='ocrx_word' id='word_1_262' title='bbox 1450 2205 1510 2236; x_wconf 85' lang='lat'><strong>450</strong></span> <span class='ocrx_word' id='word_1_263' title='bbox 1530 2212 1578 2243; x_wconf 88' lang='lat' dir='ltr'><strong>sq.</strong></span> <span class='ocrx_word' id='word_1_264' title='bbox 1604 2203 1693 2240; x_wconf 71' lang='lat' dir='ltr'><strong>szd</strong></span> <span class='ocrx_word' id='word_1_265' title='bbox 1712 2206 1739 2234; x_wconf 78' lang='lat' dir='ltr'><strong>te</strong></span> <span class='ocrx_word' id='word_1_266' title='bbox 1757 2203 1879 2234; x_wconf 80' lang='lat' dir='ltr'><strong>absente</strong></span> <span class='ocrx_word' id='word_1_267' title='bbox 1899 2203 1950 2234; x_wconf 73' lang='lat' dir='ltr'><strong>hie</strong></span> 
     </span>
    </p>
   </div>
   <div class='ocr_carea' id='block_1_6' title="bbox 402 2295 573 2329">
    <p class='ocr_par' dir='ltr' id='par_1_9' title="bbox 402 2295 573 2329">
     <span class='ocr_line' id='line_1_28' title="bbox 402 2295 573 2329; baseline 0 -8"><span class='ocrx_word' id='word_1_268' title='bbox 402 2296 422 2328; x_wconf 88' lang='lat'><strong>¹)</strong></span> <span class='ocrx_word' id='word_1_269' title='bbox 440 2297 455 2329; x_wconf 65' lang='lat' dir='ltr'>g</span> <span class='ocrx_word' id='word_1_270' title='bbox 474 2295 531 2322; x_wconf 83' lang='lat'>126:</span> <span class='ocrx_word' id='word_1_271' title='bbox 549 2295 573 2321; x_wconf 87' lang='lat'><strong>2.</strong></span> 
     </span>
    </p>
   </div>
   <div class='ocr_carea' id='block_1_7' title="bbox 342 2338 691 2414">
    <p class='ocr_par' dir='ltr' id='par_1_10' title="bbox 342 2338 691 2414">
     <span class='ocr_line' id='line_1_29' title="bbox 342 2338 597 2372; baseline 0.004 -1"><span class='ocrx_word' id='word_1_272' title='bbox 342 2343 345 2345; x_wconf 88' lang='grc'><strong><em>·</em></strong></span> <span class='ocrx_word' id='word_1_273' title='bbox 400 2339 421 2371; x_wconf 86' lang='lat'><strong>¹)</strong></span> <span class='ocrx_word' id='word_1_274' title='bbox 439 2340 454 2371; x_wconf 66' lang='grc' dir='ltr'><strong>ξ</strong></span> <span class='ocrx_word' id='word_1_275' title='bbox 471 2338 522 2364; x_wconf 83' lang='lat'><strong>224</strong></span> <span class='ocrx_word' id='word_1_276' title='bbox 540 2347 597 2372; x_wconf 78' lang='lat' dir='ltr'><strong>sqq·</strong></span> 
     </span>
     <span class='ocr_line' id='line_1_30' title="bbox 402 2381 691 2414; baseline 0.003 -8"><span class='ocrx_word' id='word_1_277' title='bbox 402 2381 422 2413; x_wconf 81' lang='lat'><strong>³)</strong></span> <span class='ocrx_word' id='word_1_278' title='bbox 441 2381 551 2407; x_wconf 85' lang='lat' dir='ltr'><strong>Holtze:</strong></span> <span class='ocrx_word' id='word_1_279' title='bbox 570 2389 630 2414; x_wconf 83' lang='lat' dir='ltr'><strong>pag.</strong></span> <span class='ocrx_word' id='word_1_280' title='bbox 649 2382 691 2407; x_wconf 84' lang='lat'><strong>33.</strong></span> 
     </span>
    </p>
   </div>
  </div>
 </body>
</html>
