2181 2783
940 134 1092 165 -11-

619 209 645 245 β)
670 208 837 240 Passiva
862 208 981 240 verba
1003 207 1163 239 iubendi
1190 209 1229 239 et
1255 208 1415 239 vetandi

752 256 803 293 (de
824 256 935 287 activa
954 255 1060 287 forma.
1079 255 1154 287 vide
1174 255 1279 291 infra).

283 314 410 347 Phorm.
434 314 494 346 416
514 314 664 345 Proximo
683 314 812 346 iussast
831 313 911 345 dari.

282 362 409 394 Phorm.
432 363 492 393 864
513 361 569 391 Ait
593 361 646 401 (se)
671 371 734 391 esse
753 361 896 394 uetitum
915 360 1001 392 intro
1021 361 1063 392 ad
1081 370 1167 392 eram
1186 361 1330 392 accedere.

187 466 216 502 2)
237 464 374 497 Verba
393 464 622 502 causativa,
644 464 783 497 activa
802 464 946 503 forma,
967 473 1029 504 quoe
1041 465 1200 496 sublectum
1213 473 1295 497 auum
1309 466 1469 504 usgutni-ant
1482 466 1605 497 suadens
1620 467 1662 497 vo!
1673 467 1839 498 dissuadens

497 521 619 559 aliquem
640 521 788 558 adducore,
809 522 842 552 ut
861 520 969 560 allquld
985 521 1085 560 favero
1105 521 1238 553 lnetltunt
1258 521 1301 552 rol
1316 522 1529 560 praeut-mmet.

282 592 467 624 Infinitivus
488 592 587 632 igitur
606 592 668 624 hoc
688 593 721 624 in
742 601 806 624 usu
826 592 859 624 id
881 592 1053 632 signifieat,
1075 593 1161 632 quod
1181 593 1366 626 subiectum
1387 593 1464 625 illud
1485 583 1555 626 fi'en'
1575 593 1647 625 vult
1660 594 1711 626 vel
1726 594 1839 634 averti,

186 642 286 679 atque
313 641 362 672 ita
390 641 433 672 ad
460 641 550 672 verbi
571 641 734 672 causativi
747 641 766 673 ¹)
787 641 950 673 obiectum
961 641 984 672 ³)
1005 641 1153 681 refertur,
1175 643 1213 673 ut
1233 642 1266 673 id
1287 642 1389 674 etiam
1410 642 1456 673 sib
1476 642 1661 684 subiectum
1680 642 1839 682 infinitivi,

186 696 286 726 quare
307 688 384 719 talis
406 689 459 719 est:
480 688 564 719 ratio
584 688 796 728 praedicativi,
818 688 948 726 qualem
970 696 1044 719 eam
1065 697 1140 720 esse
1162 690 1240 721 ante
1261 692 1345 728 (pag.
1369 690 1398 725 5)
1420 689 1727 721 demonstravimus.

281 735 394 775 Neque
414 736 528 768 tamen
548 735 699 768 omnibus
719 736 799 768 locis
820 736 891 767 haec
911 736 1012 768 verba
1032 744 1146 769 secum
1166 736 1362 769 infinitivum
1383 736 1546 776 copulant,
1572 736 1613 769 de
1634 744 1699 776 qua
1719 745 1785 769 una.
1804 746 1839 770 re

186 784 431 816 annotationem
451 784 538 816 infra
559 784 743 816 adiuncturi
764 792 890 816 sumus.

280 832 407 864 Phorm.
431 832 490 863 237
512 840 560 871 sq.
602 831 718 863 Uerum
742 832 896 871 scientem,
923 832 1052 862 tacitum
1077 841 1205 862 eausam
1226 832 1343 863 tradere
1363 832 1563 871 aduersariis,
1589 832 1722 863 etiamne
1741 832 1775 862 id
1794 833 1841 863 lex

185 879 291 918 coegit
322 882 362 917 (v.
390 887 463 919 pag.
489 881 546 916 13).
590 880 669 911 Hec.
693 881 753 911 243
774 889 822 919 sq.
853 879 923 911 Scio
939 903 946 910 .
964 904 970 910 .
990 904 996 910 .
1013 889 1117 911 meum
1137 880 1190 910 ius
1209 890 1280 920 esse,
1300 882 1337 910 ut
1358 882 1385 910 te
1404 890 1509 920 eoqam
1530 890 1601 920 quoe
1620 890 1672 920 eqo
1692 880 1839 920 imperem

182 927 290 966 faeere.
335 927 396 958 Ad.
420 928 480 959 652
501 927 586 958 Huie
607 927 683 967 leyes
702 930 814 967 cogunt
834 927 949 958 nubere
969 927 1058 958 hane.

281 975 382 1006 Andr.
406 975 467 1006 810
487 983 558 1014 sqq.
581 974 676 1006 Nune
696 985 744 1006 me
764 975 915 1016 hospitem
936 975 1004 1006 lites
1023 975 1112 1016 sequi
1127 999 1133 1006 .
1151 999 1158 1006 .
1177 1000 1183 1005 .
1199 975 1336 1006 aliorum
1356 976 1495 1016 exempla
1516 977 1732 1008 commonent.

281 1023 361 1055 Hec.
384 1024 444 1055 842
464 1023 511 1053 Ne
532 1033 580 1054 me
599 1023 636 1054 in
658 1023 746 1054 breue
767 1024 921 1056 conlicias
942 1026 1064 1064 tempus
1080 1023 1195 1064 qaudio
1216 1023 1271 1054 hoe
1290 1023 1371 1063 fal-so
1392 1024 1471 1064 frui.

282 1070 343 1101 Ad.
369 1072 407 1102 74
428 1079 476 1109 sq.
501 1071 738 1103 consuefacere
757 1071 864 1110 filium
884 1081 944 1102 sua
962 1073 1071 1111 sponte
1090 1073 1167 1101 reete
1186 1071 1295 1110 faeere.

282 1119 383 1150 Andr.
406 1119 466 1150 842
497 1119 614 1150 Animo
634 1119 786 1149 nunciam
806 1119 902 1150 otioso
922 1129 987 1150 esse
1004 1119 1137 1159 impero.
1180 1119 1260 1151 Eun.
1285 1120 1344 1151 252
1365 1128 1414 1158 sq.
1447 1118 1611 1159 Imperaui
1629 1121 1742 1159 eyomet
1762 1118 1842 1149 mihi

185 1166 292 1196 omnia
311 1167 478 1197 adsentari.

281 1214 382 1244 Andr.
407 1214 466 1244 412
487 1222 535 1252 sq.
570 1214 657 1244 Erus
686 1224 735 1244 me
762 1214 877 1244 relictis
902 1214 992 1244 rebus
1011 1215 1110 1246 iussit
1130 1214 1336 1254 Pamphilum
1355 1213 1443 1244 hodie
1463 1214 1633 1244 obseruare.
1677 1215 1737 1245 590
1757 1213 1841 1243 Hine

187 1262 213 1291 te
238 1260 322 1292 iutro
346 1260 392 1292 ire
416 1261 506 1292 iussi.
550 1262 609 1294 687
645 1261 741 1293 Orare
765 1261 867 1293 iussit.
910 1262 990 1294 Eun.
1014 1262 1073 1295 262
1106 1261 1226 1293 Seetari
1244 1261 1335 1292 iussi.
1379 1262 1438 1293 469
1459 1269 1508 1301 sq.
1541 1260 1629 1292 Heus
1649 1260 1747 1292 iubete
1766 1261 1841 1292 istos

185 1309 271 1348 foras
301 1309 392 1350 exire,
422 1320 498 1349 quos
528 1310 617 1349 iussi,
645 1310 738 1341 ocius.
779 1310 900 1342 Heaut.
923 1311 983 1342 585
1004 1319 1052 1349 sq.
1075 1310 1152 1341 Iube
1172 1310 1256 1341 hune
1275 1309 1361 1340 abire
1380 1310 1454 1340 hirw
1473 1310 1588 1350 aliquo.
1632 1310 1758 1342 Phorm.
1783 1310 1841 1341 126

186 1357 261 1387 Illos
291 1357 398 1387 dueere
428 1358 531 1388 eadem
561 1358 625 1388 haee
656 1358 703 1388 lex
727 1357 819 1388 iubet.
864 1359 923 1389 409
944 1366 992 1397 sq.
1020 1358 1085 1388 Lex
1105 1357 1189 1388 iubet
1208 1357 1288 1388 dotis
1308 1358 1389 1388 dare.
1434 1358 1494 1389 414
1513 1357 1683 1388 Mercedem
1701 1357 1773 1388 dare
1793 1357 1840 1387 lex

185 1404 269 1434 iubet
298 1404 328 1435 ei
356 1407 447 1445 atque
476 1405 636 1436 amittere?
679 1406 740 1437 544
769 1405 822 1436 Me
845 1405 950 1446 huius!
966 1415 1061 1436 eausa
1085 1415 1221 1445 quaerere
1240 1405 1278 1436 in
1299 1405 1380 1436 malo
1400 1405 1507 1436 iubeas
1527 1406 1667 1436 erucem?
1709 1406 1769 1437 598
1788 1413 1837 1443 sq.

186 1452 355 1482 Hominem
375 1453 417 1483 ad
435 1453 542 1493 forum
562 1453 644 1483 iussi
662 1453 809 1493 opperiri.
852 1455 913 1485 639
938 1453 1016 1489 Quis
1037 1455 1064 1484 te
1083 1453 1169 1484 istaee
1188 1453 1282 1483 iussit
1303 1453 1408 1492 loqui?
1450 1453 1529 1486 Hec.
1553 1454 1611 1485 301
1634 1452 1749 1483 Matris
1761 1452 1842 1492 ferre

186 1499 324 1529 iniurias
355 1510 412 1539 me,
442 1500 605 1539 Parmeno,
631 1500 735 1539 pietas
764 1500 857 1531 iubet.
912 1501 972 1532 494
1002 1500 1078 1531 Iube
1103 1500 1194 1531 illam
1219 1500 1328 1530 redire.
1383 1501 1442 1531 733
1465 1500 1504 1530 Te
1523 1500 1583 1530 huc
1602 1500 1689 1539 foras
1704 1509 1839 1539 puerum

186 1556 310 1577 euocare
330 1547 419 1578 imsi.
463 1548 522 1579 847
543 1547 610 1578 Hoc
631 1550 657 1578 te
677 1547 758 1578 mihi
777 1547 926 1578 nuntiare
945 1548 1049 1579 iussit.
1091 1547 1153 1579 Ad.
1177 1548 1236 1579 415
1257 1556 1306 1586 sq.
1329 1547 1485 1587 Inspicere
1506 1549 1657 1587 tanquam
1677 1547 1713 1578 in
1731 1556 1838 1586 specu-

187 1595 254 1625 lum
284 1595 320 1625 in
351 1595 435 1626 uitas
465 1596 609 1626 omnium
638 1595 726 1626 iubeo
753 1598 844 1635 atque
866 1606 903 1626 m:
926 1596 1001 1626 aliis
1020 1605 1141 1626 sumere
1161 1595 1336 1635 exemplum
1355 1595 1425 1625 sibi.
1469 1596 1529 1627 428
1549 1604 1599 1634 sq.
1624 1595 1784 1634 Tanquam
1804 1594 1841 1624 in

185 1642 345 1682 speculum
375 1643 412 1673 in
438 1644 577 1684 patinas,
608 1643 731 1683 Demea,
760 1643 911 1684 inspicere
941 1643 1038 1675 iubeo.
1082 1644 1142 1675 925
1163 1652 1233 1682 sqq.
1257 1643 1372 1674 Iubeo.
1392 1667 1398 1674 .
1417 1667 1424 1674 .
1445 1653 1545 1674 unam
1565 1643 1664 1683 faeere
1684 1652 1740 1673 rws
1760 1642 1840 1673 hanc

186 1690 353 1731 familiam,
373 1691 467 1722 colere
486 1692 639 1723 adiuuare
658 1691 833 1732 adiunyere.

283 1739 384 1771 Andr.
408 1741 468 1772 262
489 1749 537 1779 sq.
571 1740 623 1771 Me
649 1739 802 1780 tamwrleni
825 1749 948 1780 passus
968 1742 1021 1773 est
1041 1740 1149 1771 animo
1170 1749 1268 1780 usque
1287 1739 1388 1770 adhue
1408 1749 1478 1780 quae
1498 1749 1564 1770 meo
1584 1749 1715 1780 eumque
1734 1738 1840 1770 animo

188 1786 340 1817 libitumst
370 1787 478 1827 faeere.
532 1789 592 1820 943
613 1797 662 1827 sq.
697 1787 786 1828 Egon
815 1788 912 1819 liuius
941 1788 1123 1819 memoriam
1138 1788 1249 1828 patiar
1269 1798 1344 1818 meae
1363 1788 1522 1828 uoluptati
1540 1787 1677 1818 obstare?
1719 1787 1838 1819 Heaut.

189 1836 247 1866 443
268 1843 317 1874 sq.
341 1835 488 1866 Primum
508 1836 583 1867 olim
599 1836 708 1876 potius
728 1846 823 1876 quam
839 1838 977 1877 paterere
997 1836 1103 1876 filium
1117 1838 1299 1866 commetare
1312 1836 1354 1866 ad
1365 1836 1592 1866 muliercuhm.
1636 1836 1695 1867 486
1718 1834 1762 1865 'Pu
1776 1844 1840 1865 rem

183 1883 287 1922 perire
304 1885 333 1913 et
353 1883 460 1923 ipsum
480 1894 545 1914 non
560 1884 679 1924 poteris
694 1884 775 1924 pati.

283 1931 404 1963 Heaut.
427 1933 487 1963 573
508 1931 558 1962 Ea
577 1932 676 1972 faeere
696 1933 844 1972 prohibet
866 1934 921 1963 tua
935 1931 1114 1972 praesentia.
1151 1931 1230 1964 Hec.
1248 1932 1308 1964 266
1330 1931 1407 1968 Quae
1420 1941 1469 1962 res
1483 1933 1510 1962 te
1523 1931 1623 1971 facere
1636 1931 1670 1962 id
1678 1930 1837 1971 prohibet?

284 1980 385 2010 Andr.
411 1980 469 2011 153
494 1980 570 2011 Sine
590 1990 677 2010 nune
696 1990 763 2010 meo
782 1990 830 2010 me
850 1980 958 2010 uiuere
977 1980 1094 2010 interea
1114 1980 1211 2010 modo.
1255 1980 1316 2010 624
1336 1979 1435 2009 Haud
1455 1982 1482 2009 te
1501 1979 1611 2009 ukisei
1629 1979 1717 2009 sinit.
1759 1978 1837 2009 Eun.

189 2028 247 2058 124
271 2026 346 2057 Sine
366 2037 414 2058 me
430 2028 596 2067 peruenire
616 2037 676 2068 quo
697 2028 776 2058 uolo.
822 2028 878 2059 151
900 2036 949 2067 sq.
975 2027 1050 2058 Sine
1070 2027 1162 2058 illum
1177 2027 1300 2067 primes
1316 2029 1424 2067 partes
1444 2027 1530 2058 hosce
1549 2026 1676 2066 aliquod
1686 2026 1750 2057 dies
1762 2027 1840 2066 aput

187 2085 235 2106 me
255 2075 370 2106 habere.
414 2075 534 2108 Heaut.
558 2077 617 2108 947
641 2075 716 2107 Sine
736 2086 784 2107 me
803 2076 840 2106 in
860 2076 917 2107 hae
936 2085 970 2106 re
986 2085 1088 2116 yerere
1107 2075 1188 2106 mihi
1207 2085 1333 2106 morem.
1369 2075 1497 2107 Phorm.
1516 2076 1575 2107 292
1594 2075 1723 2106 Servom
1737 2073 1836 2104 Iwmi-

292 2173 310 2205 ¹)
330 2172 453 2199 Sehmalz
478 2173 670 2200 enumerationi
694 2182 749 2199 suae
774 2173 914 2199 verborum
939 2172 1135 2199 causativorum
1159 2172 1229 2198 hanc
1252 2172 1424 2199 monitionem
1442 2172 1518 2198 addit
1536 2174 1560 2205 (ξ
1578 2172 1626 2197 221
1645 2171 1734 2203 extr.)z
1760 2170 1838 2196 »Man

188 2215 298 2241 beachte
322 2215 456 2249 iibrigens,
481 2215 543 2241 dass
568 2216 634 2242 viele
658 2219 737 2242 unt-er
760 2216 812 2242 den
836 2218 988 2249 genannten
1005 2215 1113 2241 Verben
1131 2215 1189 2241 eine
1206 2215 1254 2240 auf
1272 2215 1312 2241 ein
1332 2215 1388 2241 Ziel
1406 2215 1550 2249 gerichtete
1566 2214 1717 2247 Thfifigkeit
1731 2233 1738 2238 .
1753 2233 1759 2238 .
1775 2233 1780 2238 .
1795 2212 1839 2238 be-

188 2257 313 2283 zeichnen
331 2257 388 2283 und
406 2258 489 2284 sehon
508 2258 619 2284 deshalb
637 2258 718 2284 leicht
737 2258 813 2284 einen
831 2257 885 2283 Ins.
904 2257 1053 2284 annehmen
1071 2257 1216 2283 konnten».

290 2299 310 2332 ²)
330 2299 480 2333 Saepissime
504 2300 532 2326 in
556 2309 610 2326 acc.
636 2309 699 2326 casu
725 2300 857 2326 obiectum
882 2301 999 2334 positum
1024 2302 1072 2331 est,
1097 2300 1231 2325 interdum
1256 2300 1283 2325 in
1307 2300 1375 2331 dat.;
1401 2300 1423 2325 si
1446 2300 1572 2325 omissum
1590 2303 1638 2329 est,
1657 2298 1734 2337 facile
1752 2301 1838 2331 potest

189 2345 276 2368 mente
294 2342 364 2368 addi.
