2181 2783
1037 167 1188 199 -20-

374 239 495 271 Heaut.
520 239 595 270 1001
618 239 715 270 Miror
735 248 796 271 non
816 241 884 271 ilioo
904 241 1012 280 adripi
1033 244 1128 278 (eum)
1148 241 1238 272 ius-se.

373 286 494 317 Heaut.
518 287 576 318 192
608 286 674 318 CH.
709 286 789 325 Quid
819 288 955 319 narrat?
997 288 1056 319 CL.
1091 287 1171 327 Quid
1190 288 1263 319 ille?
1303 287 1342 319 Se
1361 288 1513 319 mmmm
1533 295 1603 318 esse.
1646 286 1702 318 711
1725 294 1786 326 sq.;
1806 285 1935 318 Phorm.

277 335 350 373 366;
372 333 452 366 Hec.
477 335 535 365 145
556 342 626 372 sqq.

373 381 474 412 Andr.
498 382 557 412 146
577 389 626 419 sq.
658 381 725 420 qu
754 382 835 412 illud
864 382 969 413 sedulo
999 390 1119 421 negate
1149 383 1276 422 factum.
1330 383 1389 413 148
1409 390 1459 421 sq.
1491 382 1530 414 Se
1548 383 1650 421 filiam
1671 383 1754 421 neget
1772 381 1933 413 daturum.

277 429 336 459 405
367 428 428 459 Hic
458 437 539 459 nunc
570 437 629 459 non
658 428 786 468 dubitat,
809 430 884 467 quin
906 431 931 460 te
951 430 1119 460 ducturum
1139 438 1232 468 neqes.
1274 430 1334 461 612
1355 429 1500 469 Neqabon
1520 430 1596 461 uelle
1615 431 1685 461 me?
1725 429 1804 461 Eun.
1826 429 1863 460 31
1886 437 1935 467 sq.

276 476 344 507 Eas
363 485 395 507 se
414 485 474 507 mm
494 478 585 515 neqat
598 485 752 515 personas
773 478 967 508 transtulisse
987 478 1021 508 in
1041 477 1228 508 Eunuchum
1248 486 1351 508 suam.
1393 478 1453 508 822
1467 485 1516 516 sq.
1530 478 1629 509 Illum
1642 477 1814 509 eunuchum
1827 477 1939 516 neyant

275 524 379 562 misse.
423 523 545 554 Heaut.
572 525 607 554 18
627 523 760 554 Factum
780 524 829 554 hic
849 533 910 554 esse
930 525 965 555 id
985 533 1045 555 non
1065 527 1162 563 neyat.
1205 525 1265 555 350
1285 524 1359 554 Iam
1378 524 1432 554 hoc
1451 533 1566 563 quoque
1585 525 1710 563 negabis
1730 525 1784 555 tibi
1793 524 1937 563 plaeere?

276 571 404 603 Phorm.
429 571 486 602 113
516 570 580 602 Illa
610 571 692 602 enim
712 579 744 602 se
763 573 854 611 neyat
874 572 1004 611 (cqm'am
1024 572 1181 612 facturam
1202 575 1285 609 esse).
1327 572 1387 603 352
1408 579 1457 610 sq.
1477 571 1581 611 Neyat
1598 571 1758 604 Phanium
1778 579 1840 603 esse
1859 571 1938 603 hanc

276 620 336 651 sibi
355 621 515 659 cognatam
536 619 705 659 Demipho?
746 619 837 651 Hanc
857 620 1007 660 Demipho
1028 622 1118 660 negat
1136 630 1198 652 esse
1217 621 1399 660 cognatam?
1439 619 1519 652 Hec.
1543 620 1602 652 120
1621 620 1679 652 Ille
1686 621 1795 660 primo
1807 629 1839 652 se
1855 623 1937 656 (uxo-

277 677 343 698 rem
374 668 541 698 ducturum
573 671 645 700 esse)
677 676 796 707 negare.
839 669 899 699 538
924 667 1068 707 Neya'bas
1088 671 1219 708 nuptam
1235 677 1325 708 posse
1344 669 1446 706 filiam
1468 669 1555 699 tuam
1577 670 1603 698 te
1617 669 1697 707 pati.
1740 669 1802 700 Ad.
1824 669 1883 700 542
1903 668 1938 699 Is

277 716 380 754 filium
411 717 501 755 negat
527 724 590 746 esse
610 716 691 746 ruri.
719 733 749 737 —
774 716 875 747 Andr.
898 717 955 747 241
979 725 1028 755 sq.
1050 717 1236 755 Denegarat
1256 725 1287 748 se
1307 717 1555 747 commissurum.
1582 733 1613 738 -
1638 716 1717 748 Eun.
1739 717 1779 748 33
1799 725 1849 755 sq.
1871 715 1939 747 Eas

275 764 400 803 fabulas
419 764 519 803 facms
533 764 630 803 prius
650 763 782 795 Latinas
801 764 892 795 scisse
913 773 983 802 sese,
1006 765 1040 795 id
1060 773 1134 795 uero
1155 766 1313 804 pernegat
1334 767 1375 802 (v.
1397 772 1470 803 pag.
1493 764 1552 800 29).

374 811 436 842 Ad.
458 812 518 842 862
549 811 589 841 Id
609 820 672 842 esse
693 819 802 842 uerum
819 835 826 842 .
843 835 850 842 .
867 835 873 842 .
889 812 1007 850 facilest
1026 820 1170 843 noscere.
1198 830 1228 834 —
1253 812 1332 844 Hec.
1357 813 1413 843 155
1435 820 1483 850 sq.
1519 810 1579 842 Ubi
1597 811 1651 842 hoc
1671 812 1859 850 cognouerit
1878 820 1939 843 non

271 868 361 899 posse
381 868 413 891 se
433 867 552 891 mecum
573 868 635 890 esse
656 862 697 897 (v.
719 868 792 898 pag.
815 860 874 896 29).

373 907 501 938 Phorm.
525 908 583 937 777
615 907 739 938 Nuntia
769 907 849 937 hanc
879 909 1055 938 uenturam.
1097 909 1158 939 906
1179 917 1226 946 sq.
1252 908 1348 946 quue
1368 908 1443 938 adeo
1464 908 1551 938 uenio
1570 908 1758 944 nuntiatum,
1780 907 1937 946 Demipho,

272 956 428 993 paratum
459 963 508 985 me
534 963 604 985 esse.
646 954 725 985 Hoc.
748 955 808 985 314
829 955 876 984 Me
896 955 1014 986 uenisse
1033 956 1154 986 nuntia.
1196 956 1253 986 371
1277 964 1324 993 sq.
1346 955 1559 986 Praecucurrit
1577 954 1725 985 nuntians
1744 963 1793 985 me
1812 955 1937 986 uenisse.

283 1020 313 1024 —
339 1002 440 1033 Andr.
463 1003 523 1033 508
547 1002 588 1033 Id
607 1010 658 1041 eqo
678 1002 745 1033 iam
766 1011 847 1033 nunc
868 1002 929 1040 tibi,
951 1011 1008 1039 ere,
1030 1003 1190 1042 renuntio,
1211 1003 1363 1042 ficturum.
1405 1002 1526 1034 Heaut.
1548 1003 1608 1034 859
1630 1002 1710 1041 Quid
1730 1010 1811 1033 nunc
1832 1011 1938 1033 renun-

280 1051 351 1080 tiem
372 1058 431 1088 aps
452 1051 478 1080 te
497 1051 701 1088 responsum?

377 1097 478 1128 Andr.
512 1098 571 1128 387
602 1097 668 1128 Hoc
698 1097 742 1128 sic
768 1106 830 1127 esse
855 1097 975 1136 opinor.
1019 1098 1092 1136 9293
1114 1097 1239 1129 Phorm.
1261 1098 1330 1137 355,
1351 1099 1426 1136 6033
1448 1097 1526 1129 Hec.
1549 1098 1588 1128 95
1609 1105 1668 1136 sq.,
1691 1097 1759 1136 772,
1781 1098 1854 1136 845;
1876 1097 1938 1129 Ad.

280 1147 340 1177 648
366 1146 406 1177 Ut
417 1146 436 1177 ¹)
457 1146 565 1185 opinor
585 1145 643 1177 has
663 1154 723 1176 non
744 1154 829 1176 nosse
851 1146 884 1176 te.

377 1194 498 1225 Heaut.
521 1194 581 1225 438
611 1193 647 1224 Si
669 1195 694 1224 te
716 1195 780 1224 tam
803 1194 863 1224 leni
883 1185 911 1224 εὶ
930 1194 1008 1224 uicto
1028 1203 1089 1224 esse
1110 1195 1214 1225 animo
1235 1194 1427 1225 ostenderis.
1470 1195 1543 1232 933;
1565 1194 1692 1225 Phorm.
1714 1195 1773 1225 597
1795 1202 1854 1233 sq.;
1876 1194 1938 1225 Ad.

283 1242 349 1280 124,
373 1242 431 1272 142
453 1249 512 1280 sq„
533 1242 594 1272 986
615 1249 675 1280 sq..

377 1289 456 1321 Hec.
478 1290 539 1321 679
559 1289 706 1321 Pollicita
728 1290 781 1320 est
801 1297 837 1319 ea
857 1297 889 1319 se
908 1297 1120 1320 concessuram
1141 1298 1178 1320 ex
1199 1289 1325 1320 oedibus.

377 1336 505 1368 Phorm.
528 1337 588 1367 630
608 1336 696 1367 Pono
717 1344 779 1367 esse
799 1336 915 1366 uictum
936 1345 1015 1367 eum.

377 1383 458 1415 Hec.
481 1385 537 1415 791
560 1383 698 1414 Easdem
719 1384 838 1414 amicas
857 1384 922 1422 sore
944 1384 996 1414 tibi
1016 1384 1180 1422 promitto.

379 1432 442 1463 Ad.
466 1432 524 1463 162
545 1440 594 1470 sq.
619 1431 658 1462 Te
671 1432 828 1471 posterius
848 1439 968 1471 purges
989 1432 1069 1463 hanc
1089 1432 1242 1463 iniuriam
1264 1432 1342 1463 mihi
1364 1433 1414 1468 (te)
1434 1431 1512 1463 nolle
1531 1432 1646 1471 factam
1667 1439 1736 1462 esse.

377 1480 478 1510 Andr.
502 1480 560 1510 113
582 1488 630 1517 sq.
652 1479 730 1509 Hoec
749 1488 801 1518 eyo
821 1480 980 1517 putabam
1000 1488 1062 1510 esse
1081 1480 1186 1510 omnia
1205 1480 1338 1510 humani
1358 1480 1459 1518 inqeni
1479 1479 1688 1518 rmnsuetiqvoe
1708 1479 1808 1509 animi
1828 1479 1937 1518 officia.

282 1528 400 1559 Cetera
422 1527 532 1559 omnia
553 1535 602 1558 ex.
625 1527 751 1558 omitto.
770 1544 800 1549 -
815 1527 943 1558 Phorm.
966 1528 1025 1558 246
1049 1526 1142 1557 Omne
1163 1527 1196 1557 id
1217 1527 1376 1566 deputare
1396 1535 1458 1558 esse
1478 1527 1511 1557 in
1533 1527 1623 1558 lucro.
1666 1526 1722 1557 251
1741 1525 1836 1557 omne
1848 1526 1883 1557 id
1896 1526 1942 1557 de-

276 1577 392 1615 putabo
423 1585 484 1607 esse
514 1576 548 1606 in
577 1576 669 1607 lucro.
712 1575 792 1607 Hec.
815 1576 873 1606 477
895 1575 964 1606 Sese
984 1584 1045 1606 esse
1065 1575 1227 1614 ineliqnam
1248 1575 1382 1614 demittat.
1424 1575 1484 1606 524
1507 1575 1553 1606 Tu
1573 1575 1681 1606 uirum
1702 1583 1751 1605 me
1770 1575 1828 1605 aut
1846 1574 1940 1605 homi-

280 1633 350 1654 nem
381 1624 510 1662 deputas
542 1623 616 1653 adeo
646 1624 730 1653 esse?
783 1624 841 1654 799
871 1623 988 1661 Edepol
1017 1632 1054 1653 ne
1083 1632 1186 1654 meam
1213 1632 1285 1653 erus
1305 1631 1366 1653 esse
1387 1631 1512 1661 operam
1533 1623 1657 1661 demutat
1671 1623 1772 1661 parui
1786 1623 1879 1661 preti.
1906 1640 1936 1644 —

281 1671 382 1703 Andr.
407 1672 444 1702 15
466 1679 515 1710 sq.
537 1671 716 1710 Disputant
737 1671 944 1702 contaminari
964 1679 1023 1701 non
1044 1670 1144 1702 decere
1163 1671 1296 1711 fabulas.

378 1720 458 1751 Hec.
481 1721 537 1751 581
565 1720 660 1758 Teque
679 1721 750 1750 ante
770 1719 850 1758 quod
871 1728 919 1755 me
939 1728 1049 1750 amare
1069 1720 1173 1759 rebar,
1195 1720 1221 1750 ei
1241 1720 1287 1750 rei
1307 1719 1444 1757 firmasti
1464 1718 1565 1757 fidem.
1606 1719 1667 1750 819
1689 1718 1830 1756 Uxorem,
1845 1727 1941 1757 quam

281 1776 455 1807 numquam
476 1769 521 1798 est
539 1769 630 1798 ratus
645 1767 774 1806 posthac
794 1775 825 1797 se
845 1766 1035 1804 habiturum,
1057 1767 1159 1798 reddo.

379 1816 459 1847 Eun.
481 1812 541 1847 308
562 1815 634 1847 Scis
647 1815 667 1846 ²)
690 1816 715 1846 te
735 1814 815 1846 mihi
834 1823 914 1854 saepe
928 1815 1102 1854 pollicitum
1122 1824 1192 1847 esse.
1234 1815 1276 1846 Et
1297 1814 1423 1854 passim
1445 1813 1528 1845 alibi.
1549 1831 1579 1836 ——
1597 1813 1676 1845 Eun.
1693 1814 1752 1846 736
1766 1813 1942 1847 Nescibam

281 1864 316 1895 id
336 1864 434 1894 cluere
455 1864 555 1894 illam.
590 1880 621 1885 -
646 1863 747 1894 Andr.
771 1864 830 1894 400
851 1863 989 1894 Puerum
1010 1865 1113 1894 autem
1133 1872 1169 1894 ne
1190 1863 1350 1895 resciscat
1370 1862 1449 1892 mihi
1469 1870 1530 1893 esse
1550 1870 1587 1892 ex
1607 1862 1664 1893 illa
1684 1862 1818 1893 cautv'ost.
1861 1862 1940 1893 Eun.

281 1913 342 1943 954
373 1911 430 1942 Ille
460 1911 513 1941 ubi
544 1911 578 1941 id
607 1911 733 1942 resciuit
762 1912 889 1950 sactum.
940 1911 1060 1943 Heaut.
1082 1912 1142 1942 670
1172 1911 1220 1941 Ne
1240 1919 1302 1941 esse
1322 1910 1459 1941 amicam
1479 1910 1558 1941 hanc
1576 1911 1663 1949 §nati
1683 1911 1825 1941 resciscat
1842 1918 1941 1951 senen.

283 1961 358 1998 6973
379 1959 507 1990 Phorm.
531 1960 603 1998 764;
625 1958 705 1990 Hoc.
728 1959 797 1998 208,
820 1959 887 1998 285,
910 1959 978 1990 519.

380 2007 509 2038 Phorm.
531 2008 551 2038 6
572 2015 643 2044 sqq.
664 2006 833 2045 Nusquam
848 2007 994 2037 insanum
1009 2007 1143 2045 scripsit
1156 2006 1411 2038 adulescentulum
1427 2014 1546 2036 ceruam
1561 2006 1665 2036 uidere
1677 2006 1781 2045 sugere
1794 2007 1822 2037 et
1833 2007 1943 2037 sectari

283 2063 372 2085 canes
392 2056 420 2085 et
439 2063 506 2085 eam
519 2054 658 2093 plorare,
680 2063 771 2085 orare
791 2056 827 2084 ut
845 2055 1006 2085 subueniat
1024 2055 1091 2085 sibi.

389 2160 407 2191 ¹)
434 2159 633 2185 Anacoluthon.
661 2158 756 2185 Utitur
782 2161 860 2192 poeta
886 2166 939 2184 acc.
967 2167 989 2184 c.
1017 2158 1074 2189 inf„
1101 2158 1177 2192 quasi
1205 2157 1337 2192 praecedat
1364 2157 1486 2191 opinor.
1523 2157 1565 2184 De
1582 2166 1636 2192 quo
1654 2158 1778 2184 Donatus
1796 2157 1846 2183 ita:
1873 2157 1943 2183 »Aut

285 2201 406 2227 abundat
425 2204 455 2227 ut
474 2204 521 2227 aut
540 2200 613 2227 deest
631 2201 756 2227 scilicet».
794 2200 900 2226 Phorm.
920 2201 971 2226 480
989 2209 1027 2234 sq.
1070 2200 1102 2226 Ut
1119 2201 1193 2226 aibat
1210 2201 1240 2225 (Ie
1257 2200 1315 2225 eius
1333 2200 1442 2225 consilio
1460 2208 1513 2225 sese
1530 2200 1593 2226 uelle
1610 2200 1701 2232 facere.

388 2244 408 2276 ²)
427 2243 525 2269 Itidem
544 2251 604 2269 cum
624 2251 677 2269 acc.
697 2251 719 2269 c.
739 2243 786 2269 inf.
806 2243 930 2276 coniungi
950 2246 1037 2277 potest
1056 2243 1185 2268 scilicet
1204 2244 1246 2274 (=
1265 2242 1331 2267 scire
1348 2241 1431 2271 liceo:
1450 2242 1550 2268 Heaut.
1569 2242 1620 2268 358
1638 2251 1676 2276 sq.
1693 2242 1796 2268 Scilicet
1808 2242 1943 2274 facturum

286 2295 325 2311 me
347 2295 407 2312 esse.
444 2286 495 2312 856
520 2294 558 2320 sq.
586 2286 690 2311 Scilicet
714 2286 846 2311 daturum.
883 2285 933 2311 892
959 2285 1081 2311 Iniecisse
1106 2285 1179 2311 rerba
1205 2284 1256 2309 tiln·
1273 2284 1427 2309 Dromonem
1446 2285 1552 2311 seilicet.
1589 2284 1693 2319 Saepius
1711 2287 1800 2311 tamen
1817 2284 1874 2310 haec
1891 2292 1944 2310 vox

285 2329 319 2354 ad
338 2328 447 2354 modum
467 2328 684 2354 constituendum
703 2328 770 2353 nihil
789 2328 914 2362 pertinet:
934 2328 1018 2353 Andr.
1040 2328 1100 2358 1853
1120 2327 1189 2353 Eun.
1211 2328 1259 2353 185
1278 2335 1326 2360 sq„
1345 2328 1406 2357 346;
1426 2327 1526 2353 Heaut.
1545 2328 1604 2359 647,
1624 2328 1682 2358 705,
1702 2326 1750 2353 792
1765 2335 1816 2361 sq.;
1836 2326 1943 2353 Phorm.

287 2371 344 2399 132.
364 2372 414 2396 695
433 2380 484 2405 sq.;
504 2371 571 2396 Hoc.
591 2371 653 2401 66&
673 2370 724 2396 Ad.
744 2370 803 2397 811.
822 2370 880 2397 839.
899 2370 958 2395 874.
