2181 2783
955 147 1087 178 -5-

193 228 268 251 rum
297 221 454 259 ingenium
483 221 581 259 atqzae-
601 220 754 250 animum.
807 218 872 251 Sed
899 220 1068 251 auctorem
1088 220 1266 258 sequentes
1286 219 1532 250 Lachmannum
1553 219 1681 258 plurimi
1701 219 1842 252 editores

193 267 314 299 reiecto
344 267 442 299 verbo
473 268 526 299 est
557 267 704 299 scribunt
733 266 876 305 crederes,
903 267 1011 305 scire&
1042 275 1105 305 quo
1126 268 1239 299 tamen
1259 267 1293 298 in
1313 267 1493 306 posten’ore
1513 275 1611 299 versu
1632 267 1842 300 describendo

194 314 334 354 Spengel
358 315 504 347 codicum
528 314 702 347 lectionem
726 315 840 347 servat
858 314 1056 346 inusitatum
1075 314 1167 346 illum
1186 314 1368 354 imperfecti
1389 314 1549 346 coniunct.
1570 322 1667 346 usum
1687 316 1776 347 recte
1796 323 1842 347 re-

194 362 330 401 fugiens.
371 362 536 402 Dziatzko,
558 362 612 400 qui
632 361 792 401 Madvigio
815 362 1006 402 assentitur,
1026 362 1116 393 seir-is
1136 362 1235 399 (siris)
1256 362 1465 393 scribendum
1484 363 1591 401 putat.

289 418 384 449 Annot.
406 419 433 448 2.
474 417 522 448 Ex
542 417 692 449 versibus
713 425 814 457 supra
834 417 944 449 allatis
964 417 1076 449 videre
1096 417 1173 449 licet
1193 425 1282 457 saepe
1303 417 1381 457 fieri,
1396 418 1434 449 ut
1447 417 1606 449 infinitivo
1620 417 1689 449 loco
1703 418 1842 449 subiecti

194 466 301 505 posito
321 466 485 498 obiectum
506 465 706 497 subiiciatur.
737 465 857 497 Novies
878 465 912 497 in
932 465 1004 505 Ad,
1026 467 1064 497 ut
1084 467 1213 498 ceteras
1235 465 1420 498 comoedias
1435 465 1596 504 omittam,
1611 465 1696 497 hunc
1711 466 1842 498 modum

194 514 366 546 verborum
385 513 620 552 iungendorum
640 513 837 545 invenimus:
859 514 907 553 57,
930 514 977 553 74,
1001 514 1068 554 13¹,
1091 514 1158 553 179,
1182 514 1249 553 180,
1271 514 1339 551 216,
1361 514 1422 545 334
1443 514 1482 551 (si
1502 513 1562 544 sibi
1575 513 1758 553 malumus),
1773 514 1842 553 562,

194 562 262 594 824.
304 561 388 595 Vide
408 561 448 594 11:
460 561 500 602 A,
511 562 545 600 2),
560 561 661 606 fluunt.
685 562 703 592 1.

197 742 247 801 Β.
319 742 395 801 Dc
437 741 737 801 infinitivo
779 742 855 801 ad
895 742 1086 801 verba
1126 760 1262 815 quae
1302 743 1690 814 grammatici
1731 743 1840 802 im-
1897 815 1900 817 v

561 842 827 914 perfecta
863 842 1168 916 appellant
1203 842 1481 915 apposito.

290 972 478 1012 Saepissime
503 971 683 1004 infinitivus
709 980 783 1004 cum
804 973 912 1005 verbis
934 973 1129 1012 quibusdam
1150 972 1364 1013 coniungitur,
1386 981 1523 1012 quorum
1544 973 1693 1005 notiones
1714 973 1785 1006 sine
1805 982 1843 1006 eo

195 1029 320 1052 mancae
341 1022 429 1061 sunt,
451 1021 489 1052 ut
510 1020 712 1052 desideretur
733 1020 862 1061 aliquid,
884 1021 970 1060 quod
991 1021 1170 1060 expleatur.
1201 1020 1296 1052 Alias
1311 1021 1441 1060 quidem
1455 1021 1585 1060 plenam
1600 1021 1667 1053 vim
1680 1022 1843 1054 verbalem

194 1069 314 1101 habere
339 1070 488 1108 possunt,
515 1068 573 1100 sed
594 1068 628 1099 in
648 1068 710 1099 hac
731 1070 811 1100 sunt
831 1069 1073 1101 constructione
1093 1069 1285 1109 imperfecta
1305 1069 1522 1108 intelligenda.
1564 1069 1726 1101 Infinitivo
1747 1070 1843 1109 igitur

195 1117 279 1155 quod
300 1125 454 1148 mancum
475 1117 528 1148 cst
548 1116 696 1155 expletur
717 1118 817 1155 atque
838 1117 1027 1157 absolvitur,
1049 1125 1150 1156 quare
1170 1125 1228 1156 pro
1249 1125 1288 1149 eo
1309 1117 1516 1156 accipiendus
1538 1119 1600 1157 est,
1612 1118 1697 1156 quod
1711 1118 1843 1150 Suecice

194 1164 331 1196 dicimus
352 1164 743 1204 “fyllnadsbestamning“.

291 1212 369 1252 Quae
400 1212 500 1245 verba
531 1212 560 1244 si
592 1212 777 1252 diligentius
803 1213 1125 1253 consideraverimus,
1146 1212 1241 1244 facile
1261 1213 1295 1244 in
1316 1212 1380 1245 duo
1401 1220 1520 1252 genera
1540 1212 1722 1244 videbimus
1744 1213 1842 1253 digeri

194 1268 301 1300 posse,
330 1269 467 1299 quorum
493 1260 590 1292 unius
612 1261 797 1292 subiectum
816 1261 903 1293 idem
924 1263 977 1293 est
998 1263 1098 1300 atque
1119 1261 1257 1293 actionis
1278 1261 1331 1293 vel
1352 1261 1548 1293 condicionis
1569 1260 1729 1293 infinitivo
1748 1261 1841 1300 signi-

194 1308 310 1348 ficatae,
344 1308 478 1340 alterius
510 1308 606 1340 aliud.
657 1307 743 1340 Nam
774 1316 847 1347 quae
877 1309 911 1340 in
941 1309 1002 1341 hoc
1026 1310 1106 1340 sunt
1126 1317 1244 1348 genere
1265 1309 1445 1348 posteriore
1466 1308 1629 1340 actionem
1649 1308 1841 1349 significant,

194 1365 259 1395 qua
281 1357 353 1395 quis
375 1356 475 1388 alium
495 1358 615 1397 movet,
637 1357 675 1388 ut
696 1365 736 1389 ea
757 1365 829 1396 quae
849 1356 1030 1389 infinitivus
1050 1357 1175 1397 praebet
1189 1356 1299 1397 faciat,
1314 1356 1367 1389 vel
1381 1365 1422 1389 ne
1436 1356 1537 1389 faciat
1551 1357 1707 1396 prohibet.
1739 1357 1841 1396 Quam

194 1405 234 1436 ob
255 1413 325 1436 rem
346 1405 508 1436 adjectiva
528 1405 581 1436 vel
601 1405 812 1436 substantiva
836 1405 865 1436 si
886 1413 961 1436 curn
981 1405 1036 1437 inf.
1059 1405 1100 1437 ad
1120 1405 1176 1436 illa
1197 1405 1348 1444 apposito
1369 1405 1570 1444 praedicativi
1590 1405 1660 1437 loco
1681 1405 1842 1437 cohaerent

193 1452 227 1483 in
247 1452 448 1485 nominativo
469 1453 641 1492 ponuntur,
663 1452 692 1484 si
714 1452 755 1484 ad
776 1452 855 1493 haec,
877 1453 910 1484 in
931 1452 1044 1485 eodem
1066 1460 1147 1484 casu
1168 1454 1268 1492 atque
1288 1453 1317 1484 is
1339 1452 1394 1491 qui
1414 1454 1566 1484 movetur
1583 1452 1635 1484 vel
1649 1452 1841 1492 prohibetur.

194 1500 359 1532 Eiusmodi
380 1500 631 1532 constructionis
651 1501 722 1532 haec
743 1502 843 1540 atque
864 1500 929 1533 alia
949 1502 1029 1532 sunt
1049 1500 1211 1540 exempla:
1232 1501 1334 1532 Andr.
1356 1501 1415 1532 377
1435 1500 1530 1540 Ipsus
1548 1501 1607 1532 sibi
1627 1509 1689 1532 esee
1708 1501 1842 1532 iniurius

194 1548 353 1586 uideamu-
383 1548 442 1579 447
468 1548 630 1579 Subtristis
655 1549 743 1579 aistis
767 1550 811 1579 est
829 1557 891 1579 esse
910 1549 1107 1588 aliquantum
1127 1549 1221 1587 mihi,·
1252 1549 1314 1580 Ad.
1338 1549 1396 1580 125
1416 1549 1511 1580 Pater
1531 1558 1593 1580 esee
1612 1549 1691 1580 disce
1710 1549 1749 1580 ab
1769 1549 1840 1587 illis,

193 1597 247 1635 qui
266 1605 337 1627 uere
356 1596 464 1627 sciunt.

291 1643 443 1677 Ceterum
473 1643 506 1676 in
537 1644 599 1676 hac
625 1644 776 1683 loquendi
797 1644 1032 1677 consuetudine
1053 1644 1239 1676 accuratius
1261 1644 1438 1676 tractanda
1458 1644 1573 1685 prioris
1595 1645 1722 1684 generis
1743 1645 1842 1676 verba

194 1693 297 1733 primo
318 1693 514 1726 enumerabo
535 1693 567 1725 in
589 1693 672 1725 duas
693 1694 805 1733 partes
827 1693 941 1734 divisa,
963 1693 1079 1726 deinde
1100 1702 1140 1726 ea
1161 1701 1234 1733 quae
1256 1701 1358 1733 genus
1379 1694 1544 1734 posterius
1565 1693 1796 1734 complectitur.

696 1782 734 1819 1).
776 1784 807 1819 a)
832 1782 915 1814 Verba
935 1783 1091 1820 auxlllarla,
1114 1791 1176 1822 φναν
1197 1784 1339 1820 vocantur,

539 1838 650 1877 ullaque
671 1838 754 1869 rerba
774 1837 812 1869 ad
830 1846 928 1869 eorum
948 1838 1159 1870 eimllitudlnom
1179 1839 1307 1877 proxime
1326 1839 1498 1870 aooedonua.

281 1902 360 1982 dQuo
378 1902 507 1981 ἓεοὶἐίιιε
529 1910 611 1942 quae,
634 1903 675 1934 ad
696 1903 763 1934 vim
785 1903 869 1941 quod
891 1903 1020 1943 attinet,
1041 1903 1126 1935 inter
1147 1911 1187 1935 ea
1208 1903 1253 1935 sit
1272 1904 1356 1935 ratio
1372 1904 1539 1943 appareat,
1555 1903 1615 1935 hoc
1629 1903 1723 1935 modo
1738 1903 1840 1934 distri-

194 1951 278 1982 buen
303 1959 323 1982 a
344 1950 376 1982 vi
400 1958 439 1982 en
457 1958 508 1982 ur:

313 2024 344 2059 α)
365 2023 482 2054 verba
504 2031 585 2061 quae
606 2022 837 2055 facultatem
858 2023 1087 2062 significant
1109 2023 1254 2062 aliquid
1275 2023 1445 2055 faciendi
1466 2023 1527 2055 vel
1548 2023 1731 2063 patiendi.

291 2087 353 2118 Ad.
378 2087 434 2118 125
455 2086 549 2118 Pater
569 2095 630 2118 esse
650 2087 748 2119 disce.

293 2134 393 2166 Andr.
415 2135 456 2167 30
476 2143 523 2174 sq.
555 2135 635 2174 Quid
654 2136 704 2174 est,
726 2135 806 2174 quod
827 2136 880 2167 tibi
900 2144 969 2167 mea
988 2144 1045 2167 ars
1066 2136 1179 2176 efficere
1199 2136 1252 2167 hoc
1271 2136 1378 2175 possit
1390 2136 1410 2166 ι)
1432 2136 1590 2175 amplius?
1611 2153 1649 2158 —
1670 2135 1716 2167 De
1736 2135 1840 2174 primi·

299 2234 318 2266 ¹)
343 2233 479 2259 Permulta
503 2236 628 2267 praeterea
652 2233 773 2267 exempla
790 2236 861 2265 sunt,
879 2241 939 2267 quae
956 2234 1066 2268 longum
1084 2236 1124 2260 est
1141 2234 1185 2260 hic
1203 2242 1363 2260 enumerare.
1399 2233 1567 2267 Ubicumque
1584 2235 1671 2259 autem
1689 2232 1767 2258 aliam
1785 2240 1842 2258 esse

195 2275 233 2301 rei
250 2276 379 2301 rationem
397 2284 451 2301 non
469 2278 509 2302 est
527 2279 617 2309 aperte
634 2279 875 2308 commemoratum,
889 2276 986 2308 omnia,
1000 2285 1059 2310 quae
1077 2276 1184 2309 quidem
1202 2276 1319 2302 invenire
1336 2277 1421 2310 potui,
1435 2276 1555 2309 exempla
1568 2275 1730 2309 congregavi.
1760 2274 1841 2301 Omni

196 2318 265 2344 enim
284 2318 464 2352 exemplorum
482 2318 549 2344 silva
566 2318 729 2344 ostendenda
739 2318 878 2346 ,scribendi
896 2327 979 2352 genus
992 2319 1107 2344 Terentii
1121 2321 1232 2345 conatus
1247 2327 1306 2344 sum
1320 2327 1400 2352 quam
1414 2319 1612 2353 diligentissime
1625 2317 1732 2351 aperire,
1760 2318 1841 2350 Quod

197 2369 357 2395 quamquam
376 2360 481 2387 efficere
499 2360 579 2392 volui,
598 2363 686 2387 tamen
704 2363 730 2386 et
748 2360 791 2386 hic
809 2363 835 2387 et
853 2361 945 2387 ceten's
963 2361 1015 2387 illis
1033 2361 1098 2387 locis
1116 2362 1208 2395 putavi
1224 2370 1445 2396 supervacaneam
1459 2370 1514 2387 esse
1527 2361 1644 2387 omnium
1658 2360 1840 2394 prolationem.
