2181 2783
1014 179 1165 210 -10-

350 251 451 282 Andr.
475 251 534 282 426
569 250 659 286 Quod
687 250 751 281 dim·
780 252 874 283 solet.
924 252 1044 283 Heaut.
1067 253 1127 283 363
1152 251 1230 287 Qum
1248 252 1323 282 solet
1343 262 1420 291 quos
1439 263 1591 293 spernere.
1635 255 1693 285 371
1715 253 1803 284 Noui
1821 263 1918 293 quam

252 307 314 328 esse
334 298 432 328 soleas
453 297 616 336 impotens.
660 299 721 329 520
752 298 842 334 Quod
860 298 923 328 dici
941 299 1024 329 solet.
1069 300 1130 330 548
1155 298 1222 334 Quo
1237 301 1331 338 pacto
1351 299 1386 329 id
1404 300 1479 338 fieri
1497 300 1600 340 soleat,
1620 301 1722 332 calloo.
1765 301 1822 333 991
1845 308 1916 340 sqq.

252 345 371 375 Matres
391 354 498 375 omnes
518 344 598 384 filiis
619 345 655 374 in
671 347 795 384 peccato
815 345 983 375 adiutrices
999 370 1005 376 .
1024 370 1030 376 .
1050 345 1170 376 ..edent
1190 355 1262 376 esse.
1305 346 1433 378 Phorm.
1455 348 1496 379 89
1516 356 1565 386 sq.
1587 347 1650 379 Hic
1667 347 1840 379 solebamus
1852 347 1918 387 sere

248 393 434 432 pleruquw
454 402 523 422 eam
543 392 690 432 opperiri.
734 392 814 424 Hec.
837 393 896 423 215
917 393 1003 423 Ruri
1023 403 1085 423 esse
1104 392 1207 423 crebro
1227 393 1315 423 soleo.
1338 411 1368 416 —
1390 394 1491 426 Andr.
1514 395 1572 426 481
1594 403 1643 434 sq.
1669 395 1747 432 Quae
1767 395 1917 427 adsolent

251 450 381 480 quaeque
402 442 518 479 oportet
538 440 630 479 sv'qm
651 450 713 470 esse
732 440 775 470 ad
793 441 935 470 salutem.

294 514 320 548 ι)
351 513 462 543 Debeo
491 513 529 543 et
558 513 758 544 verborum
786 512 1081 544 coniunctiones
1111 512 1249 551 quibus
1278 513 1341 543 est
1369 521 1453 544 cum
1478 521 1543 544 non
1569 514 1674 546 dobeo
1702 515 1875 554 quaedam

973 560 1202 591 similitudo.

349 616 450 647 Andr.
473 617 533 648 675
554 624 625 655 sqq.
648 615 715 646 Hoc
737 615 794 646 tibi
809 625 870 656 pro
890 615 1020 646 seruitio
1042 616 1152 655 debeo,
1173 615 1303 646 conari.
1322 640 1328 646 .
1347 640 1354 646 .
1370 615 1456 646 adire
1478 619 1518 654 (v.
1540 625 1614 656 pag.
1639 618 1696 655 13).

294 682 298 686 -
350 666 411 696 Ad.
435 666 472 696 51
495 673 566 703 sqq.
589 664 661 696 Non
683 673 820 696 necesse
842 665 946 696 habeo
967 664 1075 694 omnia
1092 674 1153 704 pro
1174 674 1240 695 meo
1260 664 1444 704 iure-asqere.

349 713 428 743 Hec.
453 713 512 743 327
534 712 606 743 Non
628 720 710 742 usus
731 712 820 743 facto
841 714 894 743 est
915 712 994 742 mihi
1015 721 1101 741 nunc
1121 712 1205 741 hune
1219 711 1304 741 intro
1317 712 1420 751 sequi,·
1443 713 1486 743 ibi
1501 712 1620 744 “facto“
1636 715 1791 745 abundat.
1827 715 1916 746 Voce

253 761 308 793 illa
329 760 453 793 omissa
474 760 592 799 legitur
613 759 734 792 Heaut.
758 759 795 791 81
819 759 872 789 An
894 759 1093 799 qum'quamst
1114 769 1192 790 usus
1212 759 1343 799 homini,
1364 769 1395 790 se
1416 761 1454 791 ut
1474 759 1609 791 cruciet?

350 858 381 893 b)
413 856 465 887 Ab
497 864 616 895 aureae,
648 864 747 894 quam
779 857 909 895 vocant,
941 856 1053 887 aetatis
1085 856 1298 895 scriptoribus
1330 857 1365 888 et
1389 856 1624 895 posterioribus
1655 856 1845 898 infinitivus,
1877 860 1915 889 ut

253 906 387 944 scimus,
416 904 529 935 multis
555 904 814 943 subiungebatur
835 904 943 935 verbis
965 904 1109 942 passivis
1131 903 1346 939 (womlnatlrus
1368 912 1431 935 oum
1453 904 1624 950 lnflnltlro‘f),
1647 905 1732 943 quod
1753 906 1915 938 scribendi

253 961 357 992 genus
378 961 490 983 rarum
511 954 584 983 erat
606 952 808 990 temporibus
831 951 981 983 Terentii.

867 1025 898 1060 a)
919 1022 1050 1055 Verba
1072 1023 1304 1063 copulativa.

350 1083 485 1120 Aliquot
518 1090 593 1113 esse
625 1082 726 1113 verba
757 1083 890 1112 constat
917 1090 989 1119 quae
1012 1082 1175 1113 adiectiva
1196 1082 1248 1113 vel
1270 1082 1482 1113 substantiva
1502 1090 1650 1121 persaepe
1671 1091 1747 1114 cum
1768 1083 1916 1115 subiecto

252 1139 313 1163 suo
342 1131 390 1161 ita
416 1129 580 1169 copulant,
603 1131 640 1160 ut
661 1129 910 1168 praedicativum
931 1129 1039 1160 locum
1061 1129 1203 1168 capiant.
1249 1129 1330 1160 Tum
1351 1129 1406 1161 illa
1426 1129 1537 1170 verba,
1559 1131 1597 1161 ut
1618 1129 1772 1162 Germani
1793 1130 1915 1170 dicunt,

251 1180 329 1209 “nur
361 1178 482 1209 nabere
514 1177 785 1216 Bestimmungen
818 1177 876 1209 des
898 1177 993 1208 Seius
1016 1176 1249 1216 ausdrucken“,
1271 1186 1331 1209 nec
1354 1179 1465 1209 tamen
1487 1178 1594 1209 solum
1614 1178 1699 1210 idem
1721 1187 1759 1210 ac
1779 1179 1916 1211 verbum

253 1225 501 1257 substantivum
534 1233 622 1256 esse
654 1225 766 1255 valent
798 1225 857 1255 sed
889 1233 988 1255 suum
1021 1224 1163 1262 quidque
1195 1226 1294 1262 atque
1325 1225 1490 1263 proprium
1517 1226 1559 1256 ad
1579 1225 1649 1264 hoc,
1671 1227 1709 1256 ut
1729 1226 1778 1257 ita
1799 1226 1915 1265 dicam,

253 1273 350 1305 affert
372 1272 520 1305 colorem.
576 1271 790 1303 Grammatici
812 1280 852 1304 ea
873 1272 983 1303 omnia
1008 1272 1116 1304 solent
1137 1279 1202 1303 uno
1223 1272 1352 1303 nomine
1374 1272 1562 1312 copulativa
1583 1272 1755 1312 appellare.
1798 1272 1916 1304 Forma

253 1322 384 1361 quidem
406 1321 542 1360 passiva
563 1322 643 1351 sunt
664 1320 778 1359 paucis
801 1320 919 1351 activis
940 1320 1160 1351 intransitivae
1181 1320 1323 1351 notionis
1345 1320 1501 1360 exceptis.
1798 1344 1802 1353 .

350 1369 396 1399 Ut
427 1369 526 1407 igitur
553 1369 614 1399 hoc
646 1377 781 1399 munere
803 1377 951 1407 persaepe
973 1368 1162 1407 funguntur,
1184 1368 1232 1399 ita
1253 1369 1330 1406 post
1351 1368 1491 1406 plurima
1512 1376 1624 1400 eorum
1650 1386 1680 1391 -
1706 1369 1819 1407 utique
1840 1371 1917 1408 post

253 1426 293 1449 ea
320 1426 393 1456 quae
420 1416 584 1456 passiva
609 1416 729 1447 verba
755 1416 956 1447 sentiendi
979 1417 1017 1447 et
1038 1415 1265 1447 declarandi
1287 1417 1367 1446 sunt
1392 1433 1423 1438 -
1449 1416 1490 1447 ad
1513 1416 1697 1448 subiectum
1717 1416 1842 1448 relatus
1863 1425 1915 1456 po-

253 1466 341 1496 nitur
372 1464 563 1495 infinitivus.
618 1463 683 1495 Sed
715 1463 803 1502 apud
830 1463 911 1502 Ter„
934 1465 972 1494 ut
993 1465 1070 1494 ante
1093 1463 1167 1500 dixi,
1189 1463 1392 1502 paucissima
1412 1465 1493 1494 sunt
1514 1464 1584 1495 eius
1607 1464 1733 1502 generis
1755 1465 1913 1504 exempla.

253 1513 407 1544 Ceterum
428 1512 543 1550 optimi
564 1511 742 1549 scriptores
763 1511 860 1541 huius
882 1512 1054 1542 verborum
1077 1511 1314 1542 coniunctionis
1335 1519 1443 1550 usum,
1465 1512 1504 1542 ut
1525 1520 1566 1542 ex
1586 1520 1676 1543 more
1697 1520 1772 1543 eum
1786 1520 1916 1551 semper

253 1568 353 1598 quam
373 1559 515 1598 primum
537 1558 708 1590 dirimendi
729 1566 835 1596 neque
853 1558 1079 1597 progrediente
1094 1558 1320 1590 coniunctione
1335 1559 1576 1590 sententiarum
1591 1559 1804 1590 conservandi
1819 1567 1915 1599 appa-

253 1610 313 1647 ret,
335 1607 512 1638 molestum
534 1608 695 1645 putarunt
716 1607 751 1637 et
772 1614 908 1645 propere
929 1606 1180 1645 praecidendum.

349 1655 451 1686 Andr.
475 1655 536 1686 809
569 1653 697 1694 Semper
727 1654 812 1684 em'm
845 1654 967 1685 dictast
991 1663 1054 1684 esse
1074 1653 1139 1684 haec
1158 1656 1250 1694 atque
1270 1654 1419 1685 habitast
1439 1663 1535 1684 soror.
1580 1654 1698 1686 Heaut.
1724 1655 1782 1686 106
1803 1654 1870 1695 qu
1891 1657 1917 1684 te

253 1713 356 1734 meum
377 1712 439 1733 esse
459 1702 523 1732 dici
544 1702 697 1742 tantisper
716 1701 796 1732 uolo.
841 1702 901 1733 270
926 1701 1002 1738 choe
1021 1704 1065 1732 est
1085 1701 1168 1732 dicta
1190 1704 1288 1732 mater
1307 1712 1369 1732 esse
1390 1702 1419 1732 ei
1438 1702 1576 1741 antehac,
1596 1712 1660 1733 ‘non
1676 1702 1750 1743 fuit.
1788 1703 1915 1742 [Imper-

253 1752 409 1784 sonaliter
422 1752 441 1782 ¹)
474 1751 610 1782 verbum
642 1750 769 1782 dicendi
801 1752 997 1789 usurpatum
1028 1752 1082 1782 est
1112 1751 1213 1782 Andr.
1239 1751 1297 1782 796
1329 1750 1370 1781 In
1398 1750 1455 1781 hae
1475 1750 1628 1781 habitasse
1643 1751 1749 1791 platea
1769 1751 1916 1782 dictumst

256 1799 459 1839 Chrys-Mena]

348 1847 450 1878 Andr.
475 1848 535 1878 499
561 1845 645 1882 Quid
664 1845 789 1876 eredas?
812 1846 905 1885 quasa·
924 1856 988 1876 non
1011 1845 1068 1876 tibi
1088 1846 1280 1878 renuntiata
1301 1847 1369 1877 sint
1389 1845 1454 1876 haee
1473 1846 1518 1876 sie
1538 1846 1612 1886 fore.

349 1895 451 1926 Andr.
478 1895 534 1925 121
557 1902 606 1932 sq.
646 1893 723 1929 ane
749 1896 816 1923 tum
841 1894 922 1924 milei
947 1894 1115 1924 lamentari
1133 1896 1250 1934 praeter
1274 1896 1387 1924 ceteras
1413 1894 1530 1926 uisast.
1574 1895 1633 1926 255
1655 1894 1694 1925 Id
1712 1894 1794 1925 mihi
1812 1894 1916 1925 uisust

252 1943 358 1973 dicere.
403 1943 471 1981 366,
504 1943 573 1981 377,
607 1942 676 1981 447,
709 1942 768 1973 492
789 1950 849 1981 sq.,
882 1943 950 1981 494,
977 1943 1045 1981 647,
1069 1943 1137 1982 757,
1159 1943 1232 1982 856;
1264 1942 1343 1973 Eun.
1369 1943 1436 1982 454,
1461 1943 1528 1982 728,
1551 1943 1618 1982 785,
1640 1944 1709 1982 857,
1730 1944 1799 1983 900,
1823 1943 1916 1982 1018;

252 1991 373 2022 Heaut.
398 1992 438 2021 59
459 1999 520 2029 sq.,
543 1991 612 2029 490,
635 1991 703 2028 759,
726 1990 783 2020 801
807 1998 868 2028 sq.;
889 1990 1016 2021 Phorm.
1041 1991 1100 2021 455
1122 1999 1182 2029 sq.,
1207 1991 1298 2029 1033;
1320 1990 1400 2021 Hec.
1421 1990 1490 2030 517,
1505 1991 1574 2029 646,
1591 1991 1662 2029 7073
1684 1991 1745 2021 Ad.
1762 1991 1831 2030 337,
1846 1991 1916 2030 384,

252 2040 313 2070 660
333 2038 446 2068 Nonne
467 2037 532 2068 ᾔτεε
551 2037 637 2067 iusta
659 2037 717 2067 tibi
736 2037 863 2067 uidetur
879 2047 1011 2078 poscere,
1025 2039 1045 2069 9)
1067 2039 1136 2069 850.

358 2134 376 2162 ι)
398 2131 468 2156 »Der
486 2131 549 2156 Ace.
569 2138 590 2155 c.
610 2130 657 2155 inf.
678 2129 747 2155 nach
765 2129 825 2154 dem
845 2129 1033 2162 unporssnlieh
1051 2129 1233 2163 gebrauchten
1247 2129 1341 2155 Passiv
1355 2129 1424 2155 eines
1439 2130 1473 2155 V.
1489 2130 1618 2156 sentiendi
1632 2129 1696 2156 oder
1709 2129 1880 2156 declarandi.
1891 2149 1914 2156 ..

253 2174 286 2199 ist
306 2173 341 2198 im
361 2173 456 2198 Altlat.
476 2172 537 2198 sehr
555 2173 654 2197 seston>
675 2171 822 2204 (Schmalzz
842 2174 855 2203 ξ
873 2172 932 2202 234,
951 2173 1040 2201 amn).

357 2216 376 2243 ²)
396 2215 440 2240 Ita
467 2215 560 2248 L'mpf.
589 2218 613 2240 ot
643 2214 784 2245 Dziatzko‚
812 2214 857 2247 qui
885 2217 1019 2240 auctorem
1043 2218 1182 2248 soquentes
1202 2214 1329 2240 Bothium
1350 2214 1470 2240 codicum
1489 2215 1637 2246 lectionem,
1656 2223 1716 2249 quae
1735 2218 1775 2241 est
1793 2217 1915 2248 postea,

253 2258 299 2283 illo
326 2266 460 2291 poscere
487 2260 636 2283 mutarunt.
682 2257 778 2282 Melior
804 2256 865 2282 licet
892 2256 943 2282 hoc
970 2257 1049 2282 modo
1076 2261 1181 2283 mutata
1206 2257 1320 2282 fortasse
1344 2257 1394 2282 fiat
1416 2257 1555 2288 sententia,
1574 2261 1663 2283 tamen
1681 2266 1735 2283 non
1754 2266 1858 2283 necesse
1876 2262 1916 2283 est

254 2304 367 2334 postea
393 2300 551 2333 reficiamus.
578 2315 609 2318 —-
636 2299 679 2324 Ad
705 2299 814 2325 verbum
841 2299 960 2332 proxim(¹
985 2299 1142 2325 antecedens
1167 2299 1240 2333 qnod
1263 2299 1367 2330 attinet,
1386 2307 1476 2325 omnes
1495 2303 1590 2333 praeter
1608 2308 1692 2325 unum
1711 2299 1869 2326 Bembinum
1888 2301 1915 2332 (n

252 2343 356 2368 litorum
382 2342 487 2368 addidit
512 2351 578 2368 corr.
604 2343 665 2369 roe.)
684 2342 786 2368 codices
807 2342 935 2375 pluralem
955 2351 1094 2368 munerum
1114 2342 1243 2376 praebent,
1261 2349 1315 2375 quo
1333 2350 1443 2367 numero
1461 2345 1565 2368 servato
1584 2342 1669 2368 multo
1688 2342 1775 2368 minus
1793 2342 1916 2368 dubitare

254 2394 321 2420 opus
341 2390 380 2411 est.
400 2394 489 2411 vocem
510 2390 622 2420 postca
641 2385 761 2411 rotinere.
799 2385 913 2419 Spengel
932 2388 957 2410 ot
978 2385 1131 2411 Fleckeisen
1151 2384 1307 2410 videntur
1325 2387 1440 2418 postea
1459 2385 1570 2411 malunt.
