2181 2783
1055 160 1188 192 ...6-

283 232 455 270 geniatum
485 232 583 263 huius
604 233 695 264 verbi
716 232 895 264 formarum
916 241 980 264 usu
1001 233 1172 272 frequenti,
1195 242 1278 272 quas
1300 235 1335 265 et
1355 242 1430 266 cum
1451 233 1506 266 inf.
1527 233 1719 266 coniunctas
1740 236 1776 266 et
1796 234 1878 266 alias
1898 243 1945 267 re-

282 279 379 318 periri
400 281 516 311 notum
538 281 601 320 est,
623 280 698 312 vide
718 279 1025 319 Engelbrechtum.²)
1815 297 1819 300 »

377 327 479 358 Andr.
502 327 563 359 270
587 326 691 367 qune
714 327 793 359 istuc
812 328 919 359 conari
940 328 1116 367 queam?’)
1157 329 1216 360 277
1238 327 1299 360 Sed
1318 328 1387 360 uim
1407 330 1443 361 ut
1462 337 1556 368 queas
1574 329 1665 369 serre.
1706 328 1767 360 394
1789 328 1859 360 Tibi
1876 329 1946 361 iure

280 374 378 405 irwci
407 383 469 406 non
499 376 597 413 queat.
640 375 701 406 589
730 375 918 414 Numquam
949 375 1027 406 istuc
1056 375 1146 414 quiui
1175 383 1227 414 eqo
1253 376 1429 415 intelleyere.
1471 377 1532 408 654
1552 375 1709 408 Suscenset
1726 384 1779 407 nec
1800 377 1826 407 te
1844 377 1946 415 quiuit

280 421 368 452 hodie
381 431 490 461 coyere.
534 422 655 454 Heaut.
671 423 731 454 453
751 422 938 461 Numquam
952 423 1084 461 sufferre
1097 423 1163 453 eius
1175 424 1320 462 sumptus
1332 426 1431 462 queat.
1473 425 1534 455 544
1549 424 1690 455 Tolerare
1702 423 1790 455 illius
1801 425 1946 463 sumptus

280 478 340 500 non
360 472 459 508 queat.
501 470 629 501 Phorm.
652 471 712 501 489
732 470 804 501 Non
824 479 898 509 queo
919 472 945 501 te
965 479 1102 501 etcorare.
1145 471 1205 501 498
1225 470 1330 509 Neque
1343 471 1558 503 misericordia
1570 480 1663 511 neque
1674 471 1814 511 precibus
1827 471 1945 502 molliri

281 525 383 556 queas.
425 517 506 550 Hec.
531 518 589 549 183
609 517 681 549 Non
701 518 769 557 quit
781 519 862 558 pati.
905 519 965 550 673
988 518 1098 549 Tacere
1117 526 1178 549 non
1197 525 1279 557 queo.
1321 518 1383 550 Ad.
1405 519 1466 550 613
1485 518 1606 551 Pectore
1625 519 1704 551 nihil
1720 519 1826 551 sistere
1838 519 1944 551 omisili

280 566 355 604 quit.
399 567 457 597 737
479 574 528 605 sq.
550 566 587 597 Si
607 575 718 605 queam
738 568 870 598 mutare.
895 584 930 588 —
952 566 1033 598 Eun.
1057 566 1113 598 181
1136 565 1202 605 qu
1222 566 1391 605 impetrare
1404 567 1666 606 nequeohocabs
1680 569 1713 599 te.
1751 568 1810 599 547
1824 566 1945 607 Nequeo

280 614 359 644 satis
378 614 496 645 mirari
516 622 609 653 neque
629 615 767 645 conicere.
799 614 856 646 661
879 614 1000 653 Nequeo
1020 614 1137 645 mirari
1157 614 1242 645 satis.
1275 613 1395 645 Heaut.
1415 614 1476 645 320
1495 614 1593 646 Enim
1607 624 1680 647 uero
1692 615 1813 647 reticere
1825 623 1943 654 nequeo.

280 661 408 694 Phorm.
432 662 492 694 240
522 662 573 693 Ita
597 671 670 694 sum
690 663 847 701 inritatus,
869 663 1014 694 animum
1034 664 1070 694 ut
1088 671 1236 702 nequeam
1257 662 1300 693 ad
1319 662 1515 701 cogitandum
1536 663 1700 696 instituere.
1743 664 1802 695 512
1822 663 1944 703 Nequeo

280 719 409 742 exorare
440 712 477 741 ut
500 719 550 752 me
576 713 710 743 maneat.
752 711 832 743 Hec.
855 712 912 743 361
937 711 1056 750 Nequeo
1075 720 1219 742 mearum
1239 720 1347 742 rerum
1367 711 1492 742 initium
1512 712 1613 743 ullum
1634 713 1771 744 inuenire
1791 712 1942 744 idoneum.

282 759 342 789 575
374 767 423 797 sq.
456 758 561 790 Simul
590 767 698 790 uereor
724 759 930 798 Pamphilum
950 768 987 791 ne
1007 761 1097 790 orata
1116 761 1223 790 nostra
1242 760 1370 798 nequeat
1388 759 1507 790 diutius
1526 760 1632 792 celare.
1673 762 1733 792 645
1754 768 1802 799 sq.
1824 760 1944 799 Nequeo

280 806 358 837 satis
373 829 380 837 .
395 829 402 837 .
418 829 426 837 .
436 806 590 846 proloqui.
633 807 696 839 Ad.
718 807 778 838 374
798 806 920 846 Nequeo
939 807 1058 838 mirari
1077 807 1165 838 satis.
1207 807 1268 838 520
1287 806 1320 837 Ε
1339 806 1408 838 lecto
1428 809 1556 846 nequeat
1567 816 1702 847 surqere.
1744 809 1804 839 544
1823 808 1944 847 Nequeo

279 854 358 886 satis
378 854 543 887 decernere.

377 902 499 934 Heaut.
523 903 582 934 196
613 903 671 941 Qui
691 903 738 933 uti
758 903 832 942 scit,
853 903 881 934 ei
902 903 987 934 bona.
1029 902 1158 934 Phorm.
1181 904 1220 934 79
1240 902 1332 933 Scisti
1351 903 1398 934 uti
1417 903 1492 942 foro.
1517 921 1550 925 —
1574 904 1636 935 Ad.
1660 905 1698 935 77
1720 904 1870 935 Fateatur
1890 912 1942 936 ne·

281 949 366 981 scire
387 950 544 989 imperare
565 950 677 981 liberis.
720 951 780 982 220
800 950 941 982 Inescare
961 951 1057 981 nescis
1077 951 1221 982 homines.

598 1016 622 1051 β)
644 1014 773 1047 Verba
793 1014 1028 1055 voluntatis,
1054 1014 1192 1055 studii,
1219 1013 1487 1047 constituendi
1508 1014 1621 1047 simil.

378 1070 479 1101 Andr.
502 1071 562 1102 505
582 1071 691 1110 Itaque
710 1071 808 1102 hercle
827 1071 907 1102 nihil
926 1071 994 1102 iam
1014 1071 1141 1102 muttire
1160 1071 1273 1103 audeo.
1315 1071 1375 1102 613
1399 1070 1465 1109 Qua
1478 1070 1614 1102 audacia
1627 1071 1662 1102 id
1674 1072 1773 1111 facere
1786 1072 1942 1103 audeam?

279 1117 359 1149 Eun.
381 1119 442 1150 618
462 1127 512 1158 sq.
534 1119 591 1151 Ille
610 1120 750 1151 continuo
769 1120 865 1151 irasci
884 1128 978 1159 neque
998 1128 1109 1159 neqare
1129 1119 1251 1150 audere.
1293 1119 1354 1150 644
1374 1118 1488 1150 Hocine
1509 1120 1574 1150 tam
1588 1119 1698 1151 audax
1709 1120 1832 1160 facinus
1844 1120 1942 1160 faeere

279 1175 341 1197 esse
365 1168 497 1198 ausum!
538 1168 598 1199 659
626 1168 706 1206 Quid
725 1168 768 1199 sit
786 1168 880 1199 audet
899 1168 1005 1199 dicere.
1048 1169 1108 1199 903
1129 1176 1178 1206 sq.
1200 1167 1304 1206 Neque
1319 1168 1374 1206 pol
1393 1167 1585 1198 seruandum
1607 1168 1661 1198 tibi
1680 1169 1846 1207 quiequam
1865 1168 1942 1200 dare

279 1215 393 1246 ausim.
440 1216 517 1246 1045
548 1224 597 1254 sq.
629 1216 765 1247 Illumne
786 1239 794 1247 .
817 1239 824 1247 .
847 1239 854 1247 .
876 1225 919 1247 an
940 1224 989 1247 me
1008 1216 1062 1255 qui
1083 1216 1117 1246 id
1137 1224 1236 1247 ausus
1255 1215 1318 1246 sim
1339 1215 1477 1254 incipere,
1499 1223 1542 1246 an
1561 1216 1721 1255 fortunam
1741 1216 1941 1248 conlaudem?

279 1262 401 1294 Heaut.
424 1263 483 1295 156
506 1263 573 1294 Tibi
593 1264 673 1295 illest
692 1263 812 1295 credere
831 1272 938 1295 ausus.
981 1264 1041 1295 575
1061 1263 1255 1303 Eaprarraere
1274 1264 1379 1294 <menia
1400 1271 1470 1294 mea
1490 1264 1612 1302 occulta,
1637 1263 1776 1303 Clitipho,
1797 1264 1940 1296 audeam.

279 1310 339 1340 623
371 1318 419 1349 sq.
451 1311 600 1342 Primum
631 1311 684 1342 hoc
713 1313 738 1342 te
758 1320 818 1349 oro,
839 1311 953 1350 nequid
972 1311 1081 1342 credas
1101 1320 1150 1342 me
1170 1311 1341 1343 aduersum
1361 1311 1494 1342 edictum
1515 1313 1597 1342 tuom
1616 1312 1716 1351 facere
1735 1320 1798 1343 esse
1817 1320 1940 1343 ausam.

279 1358 339 1388 925
367 1365 416 1396 sq.
445 1358 511 1389 Fae
530 1360 566 1390 ut
584 1359 698 1390 audeat
719 1359 772 1390 tibi
792 1359 911 1390 credere
931 1359 1045 1390 omnia.
1088 1360 1149 1390 953
1169 1359 1306 1390 Auderet
1324 1358 1422 1398 facere
1442 1359 1514 1390 haec.
1555 1359 1683 1391 Phorm.
1706 1360 1765 1391 758
1785 1359 1942 1390 Eueniunt

279 1414 349 1444 quoe
378 1414 439 1437 non
468 1407 587 1438 audeas
614 1409 727 1447 optare.
769 1407 849 1439 Hec.
872 1407 931 1439 295
951 1407 1136 1446 Numquam
1159 1415 1257 1438 ausus
1276 1415 1348 1438 sum
1368 1415 1519 1439 recusare.
1560 1407 1620 1439 562
1640 1407 1789 1438 Incendor
1808 1407 1861 1438 ira
1880 1415 1941 1438 esse

278 1462 393 1485 ausam
411 1454 512 1494 facem
531 1455 604 1487 hoec.
646 1455 709 1487 Ad.
731 1455 791 1487 567
811 1454 949 1494 Referire
969 1463 1030 1486 non
1050 1454 1213 1486 audebam.

375 1501 520 1542 Simplici
548 1503 647 1535 verbo
676 1502 860 1535 cernendi
887 1502 975 1535 nullo
1001 1502 1089 1542 apud
1110 1502 1180 1535 Ter.
1201 1502 1270 1535 loco
1291 1502 1471 1534 infinitivus
1493 1502 1672 1535 subiicitur.
1715 1500 1939 1542 compositum

280 1550 393 1581 autem
421 1550 632 1582 decernere
659 1552 785 1582 exstat:
817 1550 919 1582 Andr.
942 1551 1002 1582 219
1024 1550 1180 1589 Quidqw‘d
1194 1550 1369 1589 peperisset,
1392 1550 1607 1582 decreuerunt
1629 1550 1737 1582 tollere.
1778 1550 1858 1582 Hec.
1881 1551 1940 1582 454

282 1597 406 1628 Certum
426 1598 588 1638 offirmare
607 1600 652 1630 est
669 1599 760 1630 uiam
780 1607 830 1630 me
850 1607 946 1637 quam
967 1598 1087 1629 decreui
1101 1599 1254 1638 persequi.
1310 1597 1495 1635 [Decretum
1527 1599 1593 1629 est:
1623 1598 1744 1630 Heaut.
1766 1599 1826 1630 392
1852 1598 1941 1630 Uobis

278 1654 349 1677 cum
369 1655 431 1677 uno
450 1647 542 1678 semel
561 1647 615 1678 ubi
635 1648 756 1678 oetatem
776 1655 866 1686 aqere
886 1647 1068 1678 decretumst
1086 1647 1164 1678 uiro.
1207 1647 1266 1678 465
1286 1646 1477 1677 Decretumst
1497 1646 1599 1683 (mihi)
1614 1647 1707 1686 pati]

375 1694 476 1726 Andr.
503 1695 563 1726 343
590 1695 712 1727 Cessas
737 1694 885 1734 adloqui?
926 1695 986 1726 845
1010 1694 1096 1726 Cesso
1116 1695 1263 1734 adloqui?
1303 1694 1383 1725 Eun.
1405 1694 1465 1726 265
1486 1702 1535 1733 sq.
1557 1694 1609 1726 Set
1628 1702 1679 1734 eqo
1698 1703 1777 1726 cesso
1796 1694 1841 1726 ad
1862 1694 1940 1726 Tha·

278 1741 360 1773 idem
387 1742 468 1774 hanc
494 1742 639 1774 deducere
659 1744 687 1774 et
705 1751 815 1782 roqare
835 1742 879 1774 ad
898 1750 1004 1774 cenam
1024 1744 1060 1773 ut
1078 1743 1203 1774 ueniat?
1244 1743 1304 1774 996
1328 1742 1414 1774 Cesso
1433 1742 1492 1772 huc
1511 1743 1593 1773 intro
1611 1743 1778 1782 rumpere?
1818 1741 1938 1774 Heaut.

279 1790 339 1821 410
363 1790 450 1822 Cesso
463 1791 593 1830 puluzre
613 1791 747 1822 ostium?
790 1791 848 1822 757
872 1790 958 1822 Cesso
977 1790 1058 1822 hune
1078 1791 1220 1823 adoriri?
1260 1790 1389 1822 Phorm.
1411 1791 1471 1822 252
1491 1789 1552 1822 Sed
1571 1790 1647 1830 quid
1667 1799 1767 1822 cessas
1786 1790 1939 1822 hominem

278 1838 367 1869 adire
387 1840 416 1869 et
438 1839 548 1870 blande
568 1839 602 1870 in
616 1839 775 1879 principio
795 1839 941 1878 adloqui?
976 1840 1035 1871 285
1056 1839 1118 1871 Sed
1137 1848 1217 1870 cesso
1236 1839 1326 1870 adire
1340 1839 1591 1878 quamprimum
1605 1840 1729 1870 senem?
1759 1839 1819 1870 377
1839 1838 1939 1870 Num-

277 1894 375 1924 quam
405 1887 537 1918 cessauit
566 1887 665 1918 dicere
685 1887 780 1919 hodie.
823 1888 882 1918 475
907 1887 1057 1918 Phoedria
1077 1887 1163 1919 haud
1183 1887 1315 1918 cessauit
1327 1895 1390 1925 pro
1411 1888 1436 1917 te
1456 1887 1537 1919 eniti.
1578 1886 1658 1918 Hec.
1680 1887 1740 1918 324
1764 1887 1850 1918 Cesso
1869 1887 1940 1918 hinc

278 1934 324 1965 ire
344 1934 449 1966 intro?
489 1935 551 1966 544
570 1934 693 1967 Eadem
713 1944 777 1967 esse
797 1935 876 1966 nihil
896 1935 1055 1967 cessauisti
1074 1944 1170 1975 usque
1190 1934 1301 1967 adhue.
1343 1934 1405 1966 Ad.
1427 1935 1488 1966 320
1507 1934 1569 1966 Sed
1588 1944 1668 1967 cesso
1688 1943 1777 1967 eram
1790 1935 1843 1966 hoc
1856 1936 1940 1967 malo

277 1983 435 2021 impertiri
459 1985 615 2022 prmo?
656 1984 717 2014 586
747 1982 809 2014 Sed
833 1992 912 2014 cesso
937 1984 981 2014 ad
1001 1993 1072 2014 eum
1085 1984 1238 2022 perqere?
1280 1983 1339 2014 712
1360 1982 1421 2013 Sed
1441 1991 1520 2014 cesso
1539 1984 1585 2014 ire
1605 1983 1708 2014 intro?
1748 1983 1809 2014 916
1832 1983 1939 2014 Cessas

277 2030 323 2061 ire
355 2039 392 2061 ac
421 2031 542 2070 facere?
573 2048 612 2052 —
644 2030 835 2070 Saepissime
865 2031 964 2070 igitur
994 2031 1028 2062 in
1048 2030 1358 2070 interrogationibus
1378 2032 1583 2071 usurpatum,
1607 2030 1758 2069 “quibus“
1784 2048 1814 2053 —
1839 2031 1940 2062 verba

278 2077 399 2109 Holtzii
411 2079 431 2110 ³)
452 2078 557 2110 refero
584 2096 614 2100 -
640 2078 710 2117 “qui
732 2079 914 2117 interrogat
935 2087 999 2110 non
1021 2079 1053 2110 id
1069 2079 1162 2118 quod
1176 2079 1283 2111 nescit
1298 2079 1496 2118 sciscitatur,
1511 2079 1570 2110 sed
1586 2102 1593 2110 .
1608 2101 1615 2109 .
1633 2102 1641 2110 .
1655 2079 1939 2118 reprehensionem

278 2126 330 2157 vel
351 2126 457 2158 simile
479 2126 635 2165 quiddam
648 2124 833 2166 ‘exprimit“.

382 2200 401 2232 ¹)
423 2200 535 2226 »Studia
548 2200 721 2226 Terentiana»
738 2199 845 2233 scripsit
858 2199 928 2233 Aug.
939 2199 1020 2226 Godf.
1031 2199 1216 2234 Engelbreeht.
1245 2198 1414 2225 Vindobonae
1428 2199 1720 2231 MDCCCLXXXIII,
1735 2199 1757 2225 I:
1767 2207 1827 2233 pag.
1837 2199 1871 2225 28
1880 2207 1937 2233 sqq.

381 2242 401 2275 5²)
420 2242 512 2268 Verba
534 2250 638 2277 posse,
657 2242 758 2276 quire,
776 2242 912 2276 nequire
930 2250 990 2268 cum
1008 2242 1150 2268 infinitivis
1169 2241 1267 2276 passivi
1286 2241 1428 2267 coniuncta
1446 2250 1462 2268 a
1479 2242 1573 2276 priscis
1592 2242 1766 2277 scriptoribus
1785 2245 1811 2269 et
1829 2242 1937 2276 quibus-

277 2285 339 2311 dam
365 2293 456 2311 corum
481 2285 661 2311 imitatoribus
686 2286 863 2319 posteriorum
885 2288 995 2310 aetatum
1018 2285 1125 2319 passiva
1142 2284 1276 2310 interdum
1294 2285 1418 2318 usurpari
1437 2285 1501 2310 satis
1519 2285 1644 2311 omnibus
1662 2288 1764 2311 notum.
1799 2285 1937 2311 Terentius

277 2327 346 2354 hanc
365 2328 493 2354 sermonis
512 2328 732 2354 consuetudinem
751 2328 830 2353 semel
849 2327 981 2361 sequitur:
1000 2327 1067 2353 Hec.
1087 2327 1138 2353 572
1157 2327 1257 2352 Forma
1274 2327 1305 2352 ‘in
1323 2327 1434 2353 tenebris
1452 2328 1528 2353 nosci
1543 2336 1597 2354 non
1615 2328 1690 2360 quita
1707 2330 1751 2353 est.

381 2372 401 2404 ³)
420 2371 485 2405 Pug.
503 2372 562 2398 242.
