2181 2783
339 241 409 270 uim
439 241 512 280 fieri
541 241 648 272 sinat!
690 242 810 274 Heaut.
844 244 904 274 470
923 243 1010 274 Falli
1030 245 1057 273 te
1076 243 1173 273 sinas.
1217 244 1343 276 Phorm.
1366 244 1425 275 517
1446 243 1685 283 Pamphilamne
1705 242 1762 293 hae
1781 242 1856 290 urbe
1872 243 2003 283 prium-i

338 288 442 318 sines?
486 289 548 319 Ad.
570 290 609 320 97
634 289 680 319 Pu
701 289 793 320 illum
813 291 975 330 eorrumpi
993 290 1083 320 sinis.

436 337 516 368 Eun.
545 338 605 369 313
626 345 675 377 sq.
703 336 788 374 Quae
809 339 923 369 matres
944 338 1081 370 student
1101 338 1243 369 demissis
1262 338 1381 369 umeris
1400 348 1471 370 esse.
1514 338 1595 371 Hac.
1617 339 1677 371 265
1698 337 1792 368 Illam
1812 338 1854 369 ad
1872 347 1929 369 uos
1949 348 1998 369 re-

338 384 405 415 dire
424 385 539 415 studeo.

434 433 562 464 Phorm.
589 433 649 464 828
675 432 799 472 Royem,
820 433 903 472 quod
923 435 1044 472 tempus
1064 433 1279 463 eonueniundi
1294 434 1399 473 patris
1420 444 1468 465 me
1487 444 1593 474 eapere
1613 434 1754 466 suadeat
1766 434 1796 464 ¹).
1840 433 1919 465 Hec.
1941 434 1999 465 481

339 479 433 510 Nune
454 490 502 510 me
518 480 621 520 pietas
642 480 754 510 matris
770 480 880 520 potius
900 480 1096 511 commodum
1116 481 1225 511 suadet
1243 481 1338 520 sequi.

435 528 535 559 Andr.
558 529 599 560 50
624 528 708 564 Quid
726 528 825 568 faeere
845 528 881 558 in
902 528 959 559 hae
978 538 1011 559 re
1032 531 1059 559 te
1079 529 1186 560 uelim.
1228 529 1270 559 Et
1292 529 1374 560 alias
1395 538 1493 569 saepe.
1520 548 1551 552 —
1576 530 1677 561 Andr.
1700 531 1759 561 426
1773 538 1821 568 sq.
1839 528 1914 559 Diei
1926 529 2000 560 solet

337 576 441 606 omnis
470 576 533 606 sibi
562 576 660 607 malle
690 576 802 606 melius
833 586 895 606 esse
925 586 1021 616 quam
1041 576 1140 606 alteri.
1185 577 1245 608 430
1267 576 1307 607 Se
1326 576 1415 606 ilwm
1436 577 1472 607 in
1492 577 1612 607 somnis
1632 587 1727 617 quam
1747 577 1839 607 illum
1857 577 2002 617 amplecti

338 624 460 654 maluit.
506 625 566 656 529
592 623 675 661 Quid
694 624 775 655 alias
794 624 904 655 malim
926 634 1020 664 quam
1042 624 1129 655 hodie
1149 624 1206 655 has
1225 624 1298 664 fieri
1317 624 1468 665 nuptias?
1510 625 1589 656 Eun.
1613 626 1671 657 762
1692 624 1778 656 Mau
1788 635 1839 665 eqo
1852 634 1910 656 nos
1919 634 1997 665 pro-

337 673 452 712 spicere
485 683 580 712 quam
611 673 695 703 hune
726 673 835 703 uleieei
864 675 985 714 accepta
1016 673 1148 704 iniuria.
1192 673 1313 705 Heaut.
1340 674 1398 705 267
1419 682 1468 712 sq.
1490 673 1581 704 Nihil
1600 683 1707 704 rerum
1727 674 1900 704 omniumst
1920 674 2002 714 quod

337 721 448 751 malim
479 731 575 760 quam
607 731 655 751 me
684 721 740 751 hoe
769 721 850 761 falso
880 721 1077 761 suspicarier.
1121 721 1248 753 Phorm.
1281 722 1341 753 658
1370 721 1502 752 Nullam
1532 721 1614 751 mihi
1642 721 1752 752 malim
1783 732 1878 762 quam
1899 722 2000 752 istanc

339 778 465 799 uxorem
485 769 565 799 dari.
609 769 689 801 Hec.
711 770 772 801 540
797 769 951 805 Quamuis
971 779 1100 800 oausam
1120 769 1204 799 hune
1223 769 1381 809 suspicari
1400 779 1495 809 quam
1515 769 1619 809 ipsam
1639 779 1748 800 ueram
1761 770 1893 800 mauoh.
1936 770 1999 800 Ad.

337 818 395 848 311
429 816 522 847 Nihil
551 819 595 847 est
626 817 708 856 quod
736 817 847 847 malim
877 827 971 856 quam
1000 817 1087 847 illam
1111 819 1206 847 iotam
1226 816 1385 856 familiam
1405 817 1476 848 dari
1496 817 1576 847 mihi
1595 816 1729 847 obuiam.
1754 835 1794 840 --
1816 818 1917 849 Andr.
1939 819 1999 849 573

337 864 418 896 Nolo
440 864 498 895 tibi
517 864 619 895 ullum
641 865 836 895 commodum
856 865 892 895 in
914 875 961 895 me
981 865 1126 895 claudier.
1170 864 1249 896 Hec.
1272 865 1332 896 592
1353 873 1402 904 sq.
1427 864 1508 895 Tum
1527 864 1645 895 amicas
1666 866 1693 895 te
1713 867 1742 895 et
1757 867 1900 905 eoqnatas
1913 865 1996 896 dese-

338 923 402 943 rere
428 915 456 943 et
483 913 576 952 festos
604 913 669 943 dies
700 923 767 943 mea
788 922 883 943 eausa
904 914 983 944 nolo.
1028 913 1148 945 Heaut.
1170 913 1230 944 323
1254 912 1350 943 Tuom
1371 923 1433 943 esse
1453 913 1489 943 in
1506 912 1659 953 potiundo
1676 913 1830 953 periclum
1851 923 1914 943 non
1936 913 1996 944 uis.

338 962 397 992 433
419 961 491 991 Non
514 961 578 991 uolt
600 963 627 991 te
647 961 734 991 seire.
778 961 857 993 Hec.
880 962 948 1001 348,
972 962 1031 993 758
1051 969 1115 1000 sq.;
1136 961 1198 992 Ad.
1224 962 1280 992 162
1301 969 1360 1000 sq.‚
1386 962 1451 993 187.
1832 955 1834 957 ¹

433 1010 529 1040 annot,
571 1009 665 1041 A1ias
686 1009 859 1041 verborum
881 1010 1125 1050 conjunctiones
1147 1009 1217 1040 haeo
1238 1009 1361 1041 habent
1382 1010 1544 1049 exempla:
1566 1009 1645 1041 Hec.
1667 1010 1727 1041 280
1748 1008 1871 1040 Filium
1885 1009 1995 1039 multi-

337 1057 436 1088 modis
464 1058 529 1088 iam
560 1060 678 1097 expeto
699 1059 742 1089 ut
762 1058 863 1088 redeat
883 1058 1020 1088 domum.
1065 1058 1166 1089 Andr.
1191 1058 1249 1089 190
1268 1057 1403 1090 Postulo
1423 1058 1491 1089 siue
1507 1082 1513 1088 .
1532 1082 1538 1088 .
1557 1082 1563 1088 .
1581 1060 1607 1088 te
1627 1067 1689 1096 oro,
1711 1057 1809 1096 Daue,
1830 1060 1866 1088 ut
1886 1057 1995 1088 redeat.

337 1106 397 1136 550
418 1105 468 1135 Ita
489 1105 562 1137 uolo
583 1106 688 1145 itaque
703 1105 829 1145 postulo
850 1108 886 1135 ut
905 1105 973 1145 fiat.
1018 1105 1080 1136 Ad.
1102 1106 1162 1137 874
1183 1105 1284 1136 Illum
1298 1107 1335 1135 ut
1349 1105 1442 1136 uiuat
1453 1107 1579 1145 optant.
1621 1105 1741 1137 Heaut.
1753 1106 1813 1137 382
1824 1105 1997 1145 Studuisti,

336 1154 391 1184 isti
421 1153 532 1193 formae
563 1156 599 1183 ut
631 1163 729 1184 mores
759 1153 934 1184 oon-similes
965 1153 1076 1193 forent.
1121 1153 1200 1185 Hec.
1232 1154 1291 1185 262
1314 1152 1428 1184 Studeo
1449 1154 1513 1185 haee
1529 1154 1623 1194 prius
1643 1163 1739 1193 quam
1759 1153 1809 1184 ille
1830 1155 1866 1183 ut
1886 1153 1995 1184 redeat.

336 1203 437 1233 Andr.
468 1203 526 1233 577
556 1202 590 1232 Is
611 1202 692 1232 mihi
712 1202 833 1233 suadet
854 1202 985 1241 nuptias
1005 1204 1160 1241 quantum
1181 1211 1292 1241 queam
1313 1205 1349 1232 ut
1370 1204 1533 1233 maturem.
1577 1203 1696 1234 Heaut.
1720 1202 1797 1233 1027
1824 1201 1912 1238 Quod
1926 1204 1997 1242 pelo

335 1252 392 1279 aut
412 1250 491 1288 nolo,
507 1252 653 1289 parentes
674 1259 756 1280 meos
776 1251 812 1279 ut
832 1252 1042 1280 conmonstres
1062 1249 1149 1280 mihi.
1194 1249 1273 1281 Hec.
1295 1250 1356 1281 396
1385 1249 1459 1280 Uolo
1472 1250 1569 1290 doque
1582 1259 1715 1289 operam,
1729 1252 1765 1280 ut
1779 1250 1859 1279 elam
1873 1250 1998 1280 eueniat

331 1300 455 1338 partus.

433 1346 513 1377 Eun.
545 1347 622 1377 1054
655 1345 739 1382 Quid
762 1346 813 1377 uis
838 1346 980 1385 faciam?
1021 1347 1081 1377 894
1102 1354 1151 1384 sq.
1181 1345 1266 1376 Uin.
1286 1370 1291 1375 .
1311 1369 1317 1376 .
1334 1346 1420 1376 domi
1439 1346 1661 1385 opperiamur?
1703 1346 1823 1377 Heaut.
1845 1347 1905 1377 846
1927 1345 1995 1385 Die,

336 1394 413 1433 quid
433 1393 484 1423 uis
504 1393 642 1433 faciam?
684 1393 812 1425 Phorm.
838 1394 895 1425 102
924 1393 1062 1424 Uoltisne
1082 1394 1208 1423 eamus?
1252 1393 1330 1424 Hec.
1354 1394 1413 1425 436
1439 1393 1522 1429 Quid
1542 1393 1593 1423 uis
1606 1393 1727 1424 dicam?
1772 1394 1829 1424 753
1846 1393 1907 1424 Sed
1919 1393 1996 1432 sein,

336 1442 413 1482 quid
427 1442 496 1472 uolo
506 1441 615 1481 potius
625 1441 710 1472 sodes
720 1441 840 1481 fam'as?
875 1443 932 1473 787
949 1441 992 1471 Ob
1003 1451 1071 1472 eam
1081 1451 1147 1472 rem
1158 1442 1216 1471 uin
1226 1451 1295 1481 erqo
1305 1441 1390 1472 intro
1404 1443 1492 1471 eam?
1536 1442 1597 1473 Ad.
1617 1443 1673 1473 138
1695 1441 1801 1472 Unum
1815 1441 1867 1471 uis
1881 1451 1993 1472 eurem.

335 1492 395 1521 519
428 1490 467 1520 Se
497 1489 677 1529 desatiyan't
706 1490 811 1520 uelim.
856 1491 915 1521 532
952 1489 1052 1525 Quam
1083 1489 1190 1520 uellem
1208 1513 1214 1519 .
1233 1513 1238 1519 .
1258 1513 1263 1519 .
1280 1499 1347 1519 mos
1372 1492 1455 1520 esset.
1499 1491 1557 1521 681
1588 1489 1687 1519 Uelt'm
1708 1499 1755 1519 me
1774 1492 1996 1529 promerentem

334 1548 427 1568 ames.
460 1556 490 1560 -
522 1538 584 1569 Ad.
614 1538 673 1569 782
699 1537 750 1568 An
774 1537 831 1568 tibi
850 1537 916 1568 iam
937 1538 1044 1569 mauis
1066 1537 1219 1568 cerebrum
1240 1537 1415 1577 dispergam
1436 1537 1505 1568 hie?
1533 1555 1563 1559 —
1588 1537 1688 1568 Andr.
1710 1538 1770 1569 819
1791 1537 1870 1569 Nolo
1892 1547 1939 1567 me
1960 1537 1994 1567 in

336 1588 468 1625 tempore
489 1585 544 1615 hoe
563 1585 667 1615 uideat
687 1595 787 1615 senez.
831 1585 911 1616 Eun.
933 1586 994 1616 906
1015 1594 1064 1623 sq
1089 1585 1163 1615 Nolo
1185 1595 1232 1615 me
1253 1585 1289 1615 in
1309 1585 1365 1616 uia
1385 1594 1455 1616 eum
1475 1585 1532 1615 hae
1551 1587 1633 1615 ueste
1646 1585 1757 1615 uideat.
1802 1584 1921 1616 Heaut.
1938 1586 1994 1616 701

340 1634 424 1669 Quin
446 1637 501 1671 (-
522 1634 632 1672 immo,
654 1633 745 1669 Don.)
767 1633 837 1663 uolo
859 1633 1031 1663 mentiaris.

434 1682 554 1713 Heaut.
582 1682 621 1713 26
652 1681 765 1712 Omnes
789 1691 845 1712 uos
866 1683 975 1713 oratos
997 1681 1078 1713 uolo.
1121 1683 1180 1713 815
1210 1681 1323 1712 Uellem
1343 1681 1439 1712 hercle
1459 1680 1586 1720 sactum.
1635 1682 1760 1713 Phorm.
1784 1682 1841 1713 787
1864 1680 1995 1711 Faetum

334 1731 412 1761 uolo.
457 1730 536 1762 Hec.
559 1731 619 1761 546
640 1730 680 1760 Id
692 1739 778 1760 nune
791 1739 839 1760 res
853 1729 1006 1760 indicium
1020 1718 1086 1766 liae
1090 1730 1176 1769 facit,
1190 1739 1248 1770 quo
1258 1732 1350 1769 pacto
1364 1729 1483 1770 sactum
1497 1729 1640 1760 uoluerzsss
1677 1731 1737 1761 590
1750 1729 1880 1760 Nobis..
1892 1729 1996 1759 m.ale

333 1779 450 1810 dietum
470 1778 553 1809 uelit.
595 1778 658 1810 Ad.
680 1779 740 1810 372
761 1777 846 1809 Huic
868 1778 999 1815 mandes,
1020 1777 1125 1818 siquid
1143 1780 1220 1809 recte
1239 1775 1381 1810 curatum
1401 1778 1479 1809 uelis
1501 1778 1657 1816 (Suecicez
1680 1777 1750 1810 “vill
1771 1778 1871 1810 hafva
1895 1777 1995 1817 nagot

334 1828 448 1866 riktigt
469 1826 676 1866 ombesorjdt‘
677 1827 705 1863 ‘).
747 1828 808 1858 919
829 1835 877 1864 sq.
903 1826 940 1856 Te
960 1826 1048 1857 uideo
1069 1829 1185 1858 nostroe
1204 1826 1335 1866 familice
1350 1828 1462 1856 tamese
1475 1825 1580 1856 animo
1593 1826 1708 1865 factum
1719 1826 1803 1857 uelle.
1822 1844 1852 1848 —
1867 1826 1994 1858 Phorm.

335 1876 394 1906 796
414 1874 541 1906 Nollem
561 1874 675 1905 datum.
719 1874 781 1905 Ad.
808 1875 863 1905 165
884 1873 1002 1904 Nollem
1023 1874 1148 1914 factum.
1194 1875 1252 1906 775
1275 1874 1359 1905 Sane
1378 1874 1489 1904 nollem
1509 1873 1568 1904 huo
1588 1874 1710 1905 excitum.

430 1923 558 1954 Phorm.
590 1923 649 1954 582
683 1922 721 1952 Si
750 1932 796 1952 me
826 1922 947 1953 alienus
978 1923 1119 1954 adfinem
1150 1922 1246 1954 uolet.
1291 1922 1370 1954 Hec.
1405 1922 1464 1953 259
1488 1921 1533 1952 Tu
1553 1922 1639 1952 illam
1659 1922 1779 1953 saluam
1800 1922 1897 1961 maqis
1917 1922 1994 1952 uelis

334 1979 425 2009 quam
447 1979 506 2009 eqo.
552 1971 612 2001 464
633 1969 732 2001 Illum
752 1969 858 2000 uiuom
879 1972 907 2000 et
927 1970 1045 2001 saluom
1065 1970 1183 2000 uellem.
1228 1970 1287 2000 Ad.
1311 1970 1372 2001 695
1392 1969 1499 2000 Nolim
1509 1971 1674 2001 ceterarum
1688 1978 1790 2000 rerum
1806 1971 1832 1999 te
1845 1970 1995 2000 socordem

334 2017 433 2048 eodem
454 2017 548 2048 modo.

932 2090 962 2125 3)
983 2088 1131 2120 verbis
1154 2088 1391 2120 affectuum.

430 2152 551 2185 Heaut.
573 2153 633 2185 673
656 2151 787 2184 crucior
808 2151 908 2183 bolum
930 2154 1050 2184 tantum
1072 2152 1149 2183 mihi
1168 2155 1304 2193 ereptum
1326 2154 1387 2183 tam
1408 2151 1543 2183 desubito
1563 2162 1578 2182 e
1598 2151 1749 2192 faucibm.

430 2200 531 2232 Andr.
558 2201 618 2232 939
640 2199 686 2230 Ne
706 2200 799 2230 istam
820 2200 1007 2231 multimodis
1029 2203 1112 2232 tuam
1133 2200 1276 2232 inueniri
1296 2200 1430 2239 gaudeo.
1473 2200 1551 2231 Eun.
1574 2201 1632 2232 587
1654 2209 1735 2240 sqq.,
1760 2201 1851 2240 1038;
1873 2200 1993 2232 Heaut.

332 2250 406 2288 816;
427 2248 507 2281 Hec.
529 2249 589 2280 642
610 2257 668 2288 sq..
711 2247 794 2280 Vide
815 2256 887 2288 pag.
913 2249 958 2280 16:
981 2251 1013 2286 1).

430 2297 550 2328 Heaut.
574 2298 632 2329 765
654 2296 799 2328 Gloriare
820 2297 956 2327 euenisse
976 2307 1013 2327 ez
1032 2297 1205 2328 sententia?

438 2386 456 2417 ¹)
475 2383 580 2418 Umpf.:
600 2384 719 2410 iubeat.
739 2383 803 2409 Cod.
823 2385 860 2409 A:
880 2383 1024 2410 suadeat.
