2181 2783
198 1087 413 1170 Antequam
441 1131 482 1163 ad
507 1131 549 1171 id,
578 1131 663 1170 quod
684 1132 894 1163 tractandum
914 1132 993 1163 mihi
1013 1132 1174 1171 proposui,
1197 1132 1361 1171 accedam,
1382 1140 1488 1171 pauca
1509 1132 1581 1164 volo
1603 1132 1643 1163 de
1664 1118 1845 1172 sentenffis‚

199 1195 282 1227 quas
312 1187 346 1219 in
375 1187 449 1228 ipsa
479 1189 599 1220 natura
628 1187 779 1220 infinitivi
808 1187 1037 1228 investiganda
1064 1189 1194 1221 veteres
1222 1188 1427 1228 grammatici
1456 1188 1650 1229 habuerunt,
1677 1188 1813 1229 praefari.
1827 1189 1846 1220 ι1

199 1244 280 1275 Tum
309 1244 450 1283 primum
480 1245 805 1276 animadvertendum
836 1246 889 1277 est
917 1245 1148 1283 grammaticos
1175 1245 1311 1277 Latinos
1333 1254 1406 1283 quae
1428 1245 1468 1276 de
1488 1245 1550 1276 hac
1570 1254 1606 1276 re
1626 1245 1761 1277 tradunt
1780 1254 1844 1277 non

197 1299 287 1339 ipsos
307 1299 473 1332 invenisse
493 1300 553 1332 sed
573 1300 757 1340 sumpsisse
778 1308 798 1332 a
819 1299 952 1332 Graecis.
994 1300 1146 1332 Ceterum
1166 1300 1200 1332 in
1221 1308 1294 1332 eam
1315 1300 1595 1340 interpretandam
1615 1301 1651 1332 et
1667 1300 1845 1340 philosophi

198 1358 232 1387 et
257 1356 461 1395 grammatici
486 1356 638 1388 certatim
659 1357 786 1388 animos
808 1356 998 1396 defixerunt,
1019 1357 1161 1388 maxime
1174 1357 1399 1396 exquirentes,
1422 1357 1474 1388 cui
1494 1357 1581 1395 parti
1601 1357 1755 1388 orationis
1777 1356 1843 1387 infi-

197 1411 320 1443 nitivus
340 1411 386 1443 sit
407 1411 634 1451 assignandus.

293 1467 499 1507 Aristoteles,
532 1467 580 1498 vir
606 1467 659 1499 ille
684 1467 894 1499 doctissimus
916 1469 1016 1506 atque
1037 1467 1288 1507 eruditissimus,
1309 1468 1343 1498 in
1364 1467 1451 1499 omni
1472 1467 1620 1499 scientiae
1641 1475 1756 1506 genere
1777 1475 1843 1499 ver-

197 1523 293 1554 satus
321 1522 422 1554 etiam
452 1522 570 1562 linguae
590 1522 834 1562 investigationi
854 1531 986 1562 operam
1007 1523 1097 1555 dedit
1118 1524 1152 1555 et
1172 1531 1276 1554 novas
1297 1523 1369 1554 vias
1390 1523 1559 1554 literarum
1580 1523 1752 1562 cognitioni
1772 1531 1843 1561 ape·

196 1577 270 1618 ruit,
292 1587 358 1617 qua
377 1587 413 1610 re
433 1586 625 1618 progressus
647 1578 717 1610 eius
739 1578 881 1611 maxime
902 1578 1096 1611 sublevavit.
1138 1579 1273 1611 Summo
1294 1578 1413 1618 studio,
1435 1580 1473 1611 ut
1491 1579 1625 1619 scimus,
1640 1578 1843 1618 disceptatio-

196 1634 248 1666 nis
278 1634 363 1666 illius
395 1634 552 1674 analogiae
583 1636 617 1666 et
645 1634 814 1667 anomaliae
835 1635 1000 1674 particeps
1021 1634 1083 1667 fuit
1103 1636 1138 1667 et
1158 1635 1283 1674 primus
1304 1635 1450 1667 ostendit
1470 1635 1686 1667 differentiam
1707 1643 1843 1666 casuum

195 1690 281 1723 inter
310 1699 347 1723 se
378 1692 477 1730 atque
508 1699 724 1723 numerorum.
773 1691 815 1723 Et
839 1691 997 1740 imprimis
1018 1691 1061 1723 ad
1081 1691 1240 1724 vocabula
1261 1691 1441 1731 generatim
1463 1691 1685 1731 describenda,
1707 1691 1747 1722 ad
1768 1699 1842 1722 eam

195 1748 324 1787 partem
353 1739 471 1786 linguae
502 1748 781 1788 perscrutationis,
814 1756 887 1787 quae
915 1749 969 1780 est
996 1747 1037 1780 de
1061 1747 1238 1787 vocabulis,
1259 1747 1344 1779 illius
1366 1755 1465 1787 opera
1485 1749 1520 1779 et
1541 1747 1650 1779 studio
1671 1747 1842 1787 plurimum

196 1803 350 1836 effectum
370 1805 431 1836 est.
481 1803 604 1836 Verum
624 1804 701 1836 illud
723 1804 853 1843 quidem
873 1806 935 1844 est,
957 1804 1169 1836 Aristotelem
1191 1803 1282 1844 ὄνομα
1303 1806 1338 1836 et
1356 1804 1438 1845 ῥῆμα
1460 1804 1557 1835 nimis
1578 1803 1711 1843 infinite,
1733 1811 1842 1842 quam·

196 1868 295 1898 quam
315 1859 431 1892 melius
453 1868 552 1898 quam
572 1860 704 1900 priores,
726 1860 868 1900 definire,
889 1861 927 1892 ut
948 1860 989 1892 de
1010 1860 1205 1899 quibusdam
1225 1861 1374 1899 partibus
1395 1860 1561 1899 orationis,
1576 1868 1658 1898 quas
1673 1860 1843 1898 ignorabat

195 1915 392 1947 Aristoteles
417 1915 477 1947 sed
497 1923 558 1948 nos
578 1915 731 1947 subtilius
752 1916 837 1948 inter
857 1924 895 1948 se
916 1915 1156 1956 distinguimus,
1177 1916 1338 1948 incertum
1359 1916 1412 1955 sit,
1435 1915 1477 1947 ad
1497 1916 1607 1947 utram
1627 1916 1754 1954 partem
1774 1914 1842 1946 sint

194 1958 377 2013 referend'ff}
408 1971 467 2004 sed
499 1971 539 2003 de
570 1980 617 2012 eo,
644 1972 729 2011 quod
758 1972 887 2004 nomine
908 1971 1057 2004 infinitivi
1078 1972 1216 2004 Romani
1237 1972 1454 2012 appellabant,
1476 1971 1617 2003 dubitari
1637 1979 1701 2002 non
1721 1971 1840 2010 potest.

195 2028 248 2059 Ad
264 2027 348 2069 ῥῆμα
369 2027 455 2059 enim
475 2027 671 2059 infinitivum
692 2028 896 2060 referendum
917 2036 992 2060 esse
1013 2030 1054 2060 ex
1074 2028 1136 2059 hac
1150 2027 1339 2059 Aristotelis
1355 2027 1540 2059 definitione
1549 2027 1569 2057 ²)
1584 2026 1677 2058 facile
1691 2027 1840 2065 apparet:

191 2084 274 2125 ῥῆμα
304 2083 339 2113 δέ
368 2083 431 2114 ἐστι
463 2083 496 2113 τὸ
528 2085 738 2124 προςσημαῖνον
764 2083 882 2126 χρόνον,
914 2082 949 2114 οὗ
971 2083 1066 2125 μέρος
1084 2083 1169 2114 οὐδὲν
1189 2083 1319 2125 σημαίνει
1337 2083 1438 2125 χωρίς,
1461 2083 1509 2113 καὶ
1529 2081 1606 2112 ἔστιν
1627 2082 1672 2112 ἀεὶ
1694 2083 1752 2111 τῶν
1772 2081 1839 2111 καθ’

194 2139 299 2180 ἑτέρου
321 2139 487 2180 λεγομένων
508 2140 634 2182 σημεῖον.

290 2195 391 2228 Stoici
412 2197 563 2228 auctores
584 2197 664 2228 sunt
684 2196 730 2228 rei
751 2195 983 2235 grammaticae.
1025 2195 1222 2227 Aristoteles
1244 2197 1357 2227 autem
1378 2195 1520 2227 maxime
1539 2194 1648 2226 studio
1663 2193 1841 2225 dialecticae

194 2259 233 2282 ac
254 2251 464 2292 philosophiae
485 2251 647 2284 adductus
667 2252 785 2291 linguae
806 2259 939 2291 operam
959 2251 1049 2283 dedit
1069 2259 1174 2290 neque
1196 2251 1277 2282 artis
1296 2251 1519 2290 grammaticae
1533 2249 1703 2281 scientiam
1717 2248 1841 2288 habuit,

297 2338 316 2369 ¹)
334 2337 383 2363 Cfx·
399 2337 483 2371 Jolly,
501 2337 661 2364 Gesehichte
678 2337 724 2362 des
742 2336 878 2362 Infinitivs
896 2336 932 2361 im
951 2335 1228 2369 Indogermanisehen,
1246 2336 1381 2362 Miinchen
1402 2336 1475 2366 1813,
1494 2344 1553 2368 pag.
1570 2334 1676 2359 12-48.

296 2379 316 2412 ²)
333 2378 416 2413 Jolly,
434 2387 494 2414 pag.
515 2380 554 2406 13.
