2181 2783
928 125 1081 159 ..23-⁴

271 199 367 232 annot.
398 198 426 230 2.
466 197 639 237 Nusquam
668 197 738 230 Ter.
770 197 1029 236 constructiones
1060 197 1135 229 huie
1165 197 1304 231 similes.
1320 197 1467 231 adhibet:
1488 198 1552 232 Cic.
1573 200 1625 232 ad.
1645 200 1717 232 Att.
1738 200 1825 241 XV‚1

176 247 243 281 “De
262 247 406 280 Antonio
425 246 493 278 iam
513 247 592 279 ante
611 245 672 278 tibi
691 246 817 286 scripsi,
837 253 902 278 non
922 254 998 278 esse
1018 254 1095 279 eum
1115 253 1136 278 a
1155 254 1210 278 me
1229 246 1450 278 conventum

271 295 369 327 aanor.
389 294 416 326 3.
457 293 539 325 Haec
558 294 668 334 verba,
689 294 719 325 si
738 294 790 326 vis
810 294 942 326 iubendi
960 294 995 325 in
1014 294 1055 326 iis
1075 294 1172 334 inest,
1193 295 1233 325 ut
1252 295 1315 332 (ne)
1336 294 1519 326 coniunctio
1533 303 1608 327 cum
1622 297 1825 329 conjunctivo

176 343 290 375 iuncta
319 341 478 381 sequitur,
508 341 541 372 id
572 341 657 380 quod
687 341 743 373 vix
763 349 845 381 opus
867 343 921 374 est
941 342 1112 373 annotare:
1133 341 1234 373 Andr.
1256 342 1317 373 594
1345 341 1385 372 Ut
1404 344 1575 382 apparetur
1593 342 1703 374 ducam.
1745 344 1824 376 Eun.

177 391 236 424 735
256 389 348 421 Nihil
365 388 454 429 dn'oeit,
476 390 511 419 tu
530 390 568 420 ut
586 398 741 429 sequerere
759 389 841 420 sese?
883 388 1003 421 Heaut.
1026 390 1087 421 340
1100 388 1213 420 Dicam
1227 391 1263 419 ut
1276 391 1478 420 reuertuntur
1490 389 1624 421 doraum.
1666 392 1724 423 651
1739 391 1825 423 Eum

159 439 242 470 -ᾱίοο
272 440 309 468 ut
337 446 405 467 una
433 445 505 467 cum
531 437 640 476 puella
669 439 838 477 aponeret.
882 438 939 469 781
971 446 1020 476 sq.
1042 437 1115 467 Non
1135 447 1186 476 eqo
1206 436 1342 467 dicebam
1361 437 1398 467 in
1413 440 1596 477 perpetuom
1615 441 1651 468 ut
1670 439 1758 469 illam
1776 439 1827 470 illi

175 486 272 526 dares,
289 493 402 516 uerum
421 485 459 515 ut
477 483 650 515 simulares.
693 484 756 516 Ad.
778 485 837 517 796
850 492 906 524 sq.
927 484 1057 516 Dictum
1076 484 1132 516 hoc
1151 485 1233 515 inter
1252 494 1310 515 nos
1329 484 1412 525 fuit.
1427 509 1434 515 .
1449 509 1455 515 .
1472 487 1560 515 netu
1573 495 1697 517 curares
1710 496 1822 518 meum.

176 535 256 567 Hec.
276 534 337 566 565
356 532 490 564 Edicam
508 533 618 572 semis,
639 543 679 564 ne
698 542 854 573 quoquam
874 533 983 574 ecferri
1002 534 1118 565 sinant.
1159 533 1239 565 Eun.
1261 534 1321 566 339
1342 542 1390 573 sq.
1407 533 1580 574 Diliqenter
1593 535 1718 566 nunties
1727 536 1824 576 patri,

174 582 344 613 aduocatus
363 590 456 611 mane
475 580 557 611 mihi
574 590 637 611 esse
656 583 693 611 ut
712 581 896 612 meminerit.

461 671 491 707 2)
511 669 659 702 Verbis
680 669 924 708 voluntatis,
945 669 1086 708 studii,
1109 670 1392 703 constituendi
1413 670 1539 703 simu.

271 729 350 761 Eun.
373 730 432 761 205
453 729 496 760 Et
515 730 544 760 is
564 729 650 760 hodie
670 732 841 760 uenturum
860 729 903 760 ad
921 739 969 760 me
989 729 1161 761 constituit
1173 730 1309 760 domum.
1343 729 1463 762 Heaut.
1475 731 1534 762 726
1550 729 1649 766 Quom
1659 733 1823 761 uenturam

175 777 280 809 dixero
297 779 339 808 et
368 778 562 809 constituero.
606 777 685 810 Hoc.
720 778 776 810 195
802 786 850 817 sq.
876 777 1031 808 Constitui
1049 787 1121 808 cum
1141 778 1274 818 quodam
1295 778 1412 818 hospite
1432 787 1480 808 me
1500 787 1562 808 esse
1581 778 1673 808 illum
1693 788 1823 810 conuen-

176 828 289 858 turam.
331 826 391 858 437
412 825 569 857 Constitui
587 835 635 856 me
655 825 742 856 hodie
761 827 990 857 conuenturum
1010 835 1088 856 eum.

270 874 350 906 Hoc.
371 874 431 906 265
454 874 492 904 Te
512 874 566 905 hoc
586 874 666 904 mihi
685 874 779 913 cupio
799 873 922 904 credere.
967 874 1029 905 Ad.
1050 875 1110 906 698
1130 873 1198 904 Hoc
1217 883 1279 904 esse
1298 874 1389 914 cupio
1410 883 1530 904 uerum.

270 922 371 954 Andr.
400 923 460 954 238
488 922 618 953 Umorem
646 922 794 954 decrerat
819 922 893 952 dare
911 931 974 952 sese
994 922 1075 952 mihi
1093 922 1189 953 hodie.
1232 922 1311 953 Hec.
1333 923 1393 954 586
1413 921 1480 962 qu
1500 932 1556 952 rus
1576 921 1731 952 abituram
1752 923 1824 953 him

174 979 247 1000 cum
269 972 321 1000 tuo
341 979 390 1001 me
410 980 472 1001 esse
491 972 570 1001 certo
589 969 711 1000 decreui
725 972 824 1010 patre.

270 1018 349 1050 Hec.
372 1019 430 1050 727
451 1017 568 1049 Laches
588 1028 636 1049 me
655 1027 743 1049 nunc
762 1019 946 1049 conuentom
967 1027 1028 1048 esse
1049 1018 1183 1057 expetit.

270 1066 398 1098 Phorm.
420 1067 480 1098 260
500 1074 548 1105 sq.
571 1066 683 1106 Ipsum
704 1066 808 1105 gestio
828 1066 900 1096 dari
919 1065 1000 1096 mihi
1019 1065 1056 1096 in
1076 1068 1279 1106 conspectum.

270 1114 371 1145 Andr.
397 1115 457 1145 484
487 1113 576 1150 Quod
598 1114 681 1145 iussi
701 1113 730 1144 ei
749 1113 820 1144 dari
839 1113 945 1144 bibere.
990 1115 1049 1145 464
1074 1113 1163 1150 Quod
1176 1113 1344 1154 peperisset
1364 1113 1458 1143 iussit
1479 1113 1551 1143 tolli.
1593 1114 1652 1144 952
1676 1113 1739 1143 Cur
1759 1123 1821 1144 non

173 1161 264 1193 illam
283 1162 344 1193 huc
365 1161 532 1202 transferri
550 1161 656 1192 iubes?
698 1161 777 1193 Eun.
802 1162 859 1194 100
882 1161 920 1192 Te
939 1161 1053 1193 accersi
1071 1161 1161 1194 iussi.
1204 1162 1265 1194 510
1285 1161 1384 1192 Iussit
1403 1171 1452 1192 me
1471 1161 1556 1192 adse
1569 1161 1726 1192 adcersier.
1763 1163 1821 1193 572

174 1209 237 1240 Pro
256 1210 311 1241 illo
330 1209 453 1241 iubeam
473 1219 522 1241 me
541 1210 611 1240 illoc
630 1210 742 1240 ducier.
785 1210 846 1242 618
868 1209 966 1250 Royat
985 1212 1021 1240 ut
1040 1210 1134 1240 illum
1153 1209 1279 1240 admitti
1297 1209 1409 1240 iubeat.
1452 1209 1572 1241 Heaut.
1597 1211 1673 1241 1047
1694 1218 1741 1248 sq.
1760 1209 1822 1240 Our

173 1267 239 1289 rum
267 1258 381 1289 accersi
408 1257 495 1288 iubes
524 1257 647 1298 filiam?
689 1257 815 1290 Phorm.
847 1258 907 1290 922
937 1258 1110 1298 Aryentum
1140 1267 1270 1288 rursum
1295 1257 1365 1288 iube
1385 1257 1519 1288 rescribi.
1563 1257 1642 1289 Hec.
1665 1259 1723 1289 466
1744 1257 1822 1288 Heri

174 1305 396 1337 Philumenam
421 1306 463 1336 ad
487 1316 519 1336 se
545 1306 664 1336 adeersi
686 1305 736 1336 hic
755 1305 858 1336 iussit.
900 1306 962 1337 Ad.
985 1307 1044 1337 285
1064 1306 1206 1337 Lectuhs
1224 1305 1296 1336 iube
1314 1306 1414 1336 sterni
1432 1306 1522 1336 nobis
1541 1308 1570 1336 et
1585 1306 1698 1346 parari
1716 1308 1818 1336 cetera.

175 1354 235 1385 460
259 1361 308 1392 sq.
332 1352 458 1384 Saluere
479 1352 647 1396 Heyionem
667 1353 854 1393 plurumum
874 1353 962 1383 iubeo
974 1354 993 1385 ¹)
1005 1356 1060 1391 (Ξ
1081 1354 1162 1393 volo,
1183 1354 1351 1390 Donatus).
1394 1355 1454 1385 908
1477 1353 1568 1383 Hanc
1588 1353 1624 1383 in
1643 1353 1729 1383 horto
1749 1363 1816 1384 ma-

173 1401 287 1432 ceriam
305 1401 377 1432 iube
396 1401 491 1432 dirui.
535 1401 641 1439 [Solus
662 1401 716 1433 inf.
738 1410 841 1441 paea:
862 1401 962 1433 Andr.
985 1402 1045 1434 546
1064 1402 1190 1432 Accersi
1209 1401 1288 1432 iube.
1332 1402 1400 1441 741,
1421 1402 1495 1441 955;
1516 1401 1596 1433 Eun.
1615 1402 1686 1441 8363
1702 1401 1819 1433 Heaut.

175 1450 242 1489 775,
267 1450 356 1489 1001;
377 1449 456 1481 Hoc.
481 1450 547 1480 185.
572 1466 603 1471 —
629 1449 683 1480 Cfr
703 1449 782 1481 Hec.
804 1450 863 1481 565
885 1449 1016 1480 Edicam
1034 1449 1143 1488 seruis,
1163 1459 1202 1480 ne
1222 1458 1379 1489 quoquam
1399 1449 1508 1488 ecferri
1529 1450 1660 1486 sinant}

269 1497 371 1528 Andr.
396 1497 456 1529 962
488 1495 585 1533 Quem
612 1506 663 1536 eyo
684 1496 764 1527 mihi
778 1496 981 1537 potissimum
1002 1499 1113 1537 optem
1128 1521 1135 1529 .
1151 1521 1158 1529 .
1175 1521 1182 1529 .
1203 1497 1292 1527 dari?
1334 1496 1454 1528 Heaut.
1478 1498 1536 1528 758
1560 1496 1598 1527 Te
1617 1497 1697 1527 mihi
1715 1497 1820 1536 ipsum

173 1544 238 1575 iam
264 1544 383 1575 dudum
410 1543 554 1584 optabam
580 1544 659 1575 dari.
683 1562 720 1567 —
741 1544 821 1576 Hec.
842 1545 902 1576 532
923 1553 994 1584 sqq.
1015 1544 1123 1575 Adeon
1139 1544 1300 1585 peruicaci
1318 1554 1380 1575 esse
1399 1545 1515 1584 animo,
1536 1547 1572 1575 ut
1587 1554 1722 1584 puerum
1743 1553 1819 1584 prae-

174 1594 306 1633 optares
322 1593 426 1634 perire
442 1617 448 1623 .
467 1617 473 1623 .
492 1617 497 1623 .
510 1592 618 1633 potius
639 1602 733 1633 quam
753 1592 924 1624 aduorsum
943 1593 1047 1624 animi
1067 1593 1117 1623 tui
1136 1593 1295 1624 libidinem
1315 1595 1391 1623 esset
1400 1593 1421 1625 ¹)
1439 1602 1512 1623 cum
1531 1592 1585 1623 illo
1605 1594 1723 1633 nupta!

268 1641 368 1673 Andr.
391 1642 450 1674 203
479 1641 589 1672 Ubiuis
608 1640 736 1681 facilius
755 1649 876 1681 passus
900 1641 961 1672 sim
983 1651 1078 1681 quam
1097 1641 1135 1672 in
1155 1641 1212 1672 hac
1232 1651 1264 1672 re
1284 1651 1332 1672 me
1353 1641 1497 1672 deludier.
1541 1641 1660 1673 Heaut.
1681 1642 1739 1673 532
1758 1640 1821 1677 Qui

168 1699 285 1730 passus
315 1692 359 1721 est
388 1689 423 1720 id
440 1689 521 1730 fieri.
568 1690 645 1722 1037
665 1689 776 1721 Patiar
791 1714 798 1720 .
816 1714 822 1720 .
841 1713 848 1720 .
865 1699 912 1720 me
931 1689 1083 1730 infamem
1103 1689 1184 1730 fieri.
1227 1689 1354 1722 Phorm.
1376 1690 1436 1722 518
1456 1689 1588 1721 Horunc
1606 1699 1739 1721 amorem
1758 1689 1820 1720 dis-

173 1738 256 1768 trahi
270 1737 394 1777 poterin
411 1738 502 1777 pati?
544 1739 604 1769 536
624 1746 672 1776 sq.
697 1737 791 1768 Hunc
805 1737 974 1777 patiemur,
999 1737 1084 1777 Geta,
1104 1738 1177 1777 fieri
1199 1739 1358 1769 miserum.
1401 1738 1481 1770 Hoc.
1507 1739 1567 1770 538
1583 1738 1720 1778 Neyabas
1733 1748 1817 1777 nup-

174 1787 238 1817 tam
254 1794 345 1826 posse
363 1785 467 1826 filiam
485 1787 573 1816 tuam
594 1787 621 1816 te
636 1785 716 1826 pati.
760 1786 819 1817 567
840 1793 888 1825 sq.
910 1785 1002 1816 Nihil
1019 1787 1098 1826 aput
1117 1795 1166 1816 me
1188 1785 1245 1816 tibi
1257 1786 1365 1826 defieri
1374 1786 1490 1826 patiar.
1505 1803 1541 1808 —
1562 1786 1640 1817 Eun.
1655 1787 1712 1817 551
1727 1785 1820 1815 Nunc

172 1836 216 1865 est
232 1833 378 1874 profecto,
399 1833 536 1874 interfici
555 1843 627 1865 cum
646 1834 773 1874 perpeti
793 1844 841 1865 me
856 1843 996 1875 possum.

269 1882 369 1913 Andr.
401 1883 459 1913 331
490 1882 661 1914 Postulare
691 1882 725 1912 id
751 1881 861 1921 yratiae
890 1882 1009 1922 apponi
1027 1882 1096 1912 sibi
1139 1883 1218 1913 Eun.
1241 1884 1300 1913 480
1320 1891 1368 1920 sq.
1391 1882 1463 1912 Non
1482 1882 1544 1912 sibi
1562 1883 1622 1912 soli
1637 1882 1773 1922 postulat
1793 1884 1820 1912 te

172 1929 280 1961 uiuere
306 1931 335 1961 et
360 1939 420 1961 sua
445 1938 541 1961 causa
566 1929 687 1961 ezcludi
705 1931 824 1961 ceteros.
867 1929 987 1962 Heaut.
1011 1930 1086 1962 1011
1109 1928 1160 1961 Me
1180 1931 1275 1961 tacere
1294 1929 1330 1961 de
1350 1929 1406 1960 hac
1423 1939 1456 1960 re
1471 1929 1618 1970 postules.
1661 1929 1738 1961 Hoc.
1759 1929 1819 1961 564

155 1993 159 1996 —
174 1978 236 2009 Sed
253 1988 305 2019 eyo
324 1978 457 2017 stultior,
478 1978 554 2009 meis
573 1978 664 2009 dictis
682 1978 739 2018 qui
752 1988 864 2018 parere
883 1978 963 2010 hanc
971 1978 1135 2019 postulem.
1178 1978 1240 2011 Ad.
1252 1979 1312 2010 200
1321 1977 1472 2018 Emptam
1477 1977 1687 2019 postubztsibi
1696 1977 1816 2009 tradier.

268 2026 369 2058 Andr.
400 2027 458 2067 271
490 2025 580 2066 qun
605 2028 734 2066 propter
763 2036 811 2056 me
837 2026 927 2057 illam
946 2026 1046 2066 decipi
1064 2026 1210 2056 miseram
1231 2027 1359 2057 sinam?
1401 2027 1460 2057 274
1481 2035 1529 2065 sq.
1553 2026 1662 2056 Sinam
1684 2028 1819 2055 coactum

107 2117 117 2122 ς
172 2076 297 2114 eye-state
316 2074 477 2115 inqenium
499 2074 707 2105 inmutarier?
749 2075 809 2107 396
831 2073 870 2105 Te
889 2073 1049 2115 eorrumpi
1067 2073 1161 2105 sinat.
1204 2074 1283 2107 Eun.
1304 2075 1365 2107 963
1385 2073 1529 2115 Nequam
1548 2074 1584 2105 in
1604 2073 1693 2104 illum
1724 2073 1819 2104 Thais

275 2172 295 2205 ¹)
312 2170 396 2198 Andr.
416 2170 465 2198 532
482 2171 559 2198 Iubeo
579 2170 737 2198 Chremetem
755 2171 882 2204 (caluere).
919 2170 1052 2198 Salutatio
1068 2170 1253 2205 interpellatur
1269 2170 1356 2197 verbis
1375 2170 1529 2198 Chremetis.

275 2215 295 2248 Ι)
319 2214 404 2241 Andr.
433 2215 481 2241 797
507 2222 546 2248 sq.
583 2213 642 2240 Sese
665 2213 796 2240 ianneste
820 2213 921 2247 optauit
941 2222 1035 2247 parere
1058 2213 1101 2239 hic
1124 2213 1206 2239 ditia-1
1227 2213 1318 2247 potius
1342 2222 1422 2247 quam
1446 2214 1477 2240 in
1496 2214 1587 2247 patria
1604 2213 1703 2239 honeste
1717 2221 1819 2246 pauper

171 2256 278 2282 uiueret.
314 2256 415 2283 Heaut.
440 2257 491 2283 478
515 2265 571 2291 sqq.
609 2256 641 2282 Si
663 2256 740 2282 semel
763 2258 834 2282 tuom
858 2256 982 2282 animum
1005 2256 1049 2282 ille
1070 2256 1228 2288 intellexerit,
1249 2257 1329 2289 prius
1347 2259 1387 2289 (ε
1406 2257 1506 2290 potius)
1520 2257 1686 2289 proditurum
1705 2258 1728 2280 te
1745 2258 1817 2280 tuam

171 2298 258 2324 uitam
272 2318 277 2324 .
293 2318 299 2324 .
315 2318 321 2325 .
335 2307 416 2332 quam
433 2299 479 2325 abs
496 2301 519 2324 te
536 2299 644 2324 amittas
660 2298 758 2331 filium.
793 2297 845 2324 Ad.
866 2298 913 2324 107
932 2306 989 2332 sqq.
1025 2298 1060 2324 Et
1076 2301 1105 2324 tu
1122 2298 1199 2324 illum
1217 2301 1287 2324 tuom
1304 2318 1309 2324 .
1325 2318 1331 2324 .
1347 2319 1351 2323 .
1366 2299 1465 2324 sineres
1482 2307 1552 2324 nunc
1568 2298 1651 2330 facere
1665 2318 1669 2323 .
1686 2317 1691 2323 .
1708 2317 1713 2322 .
1729 2297 1819 2330 potius

172 2349 251 2373 quam
266 2360 272 2367 .
287 2360 293 2367 .
309 2361 316 2368 .
330 2341 456 2368 alieniore
473 2343 545 2367 oetate
559 2344 619 2375 post
635 2341 729 2374 faceret
746 2343 840 2366 tamen.
876 2341 946 2367 Vide
965 2340 1107 2367 Schmalz.:
1126 2342 1141 2374 ξ
1158 2340 1242 2373 235‚s.
