2181 2783
991 521 1031 570 I.

189 632 274 704 De
323 632 663 717 infinitivo,
714 633 813 704 cui
861 633 1143 706 additum
1190 653 1310 705 non
1359 636 1450 706 est
1498 634 1836 707 subiectum

773 735 1262 827 grammaticum.

283 877 483 909 Infinitivum
515 877 663 909 dativum
694 886 809 909 casum
840 886 915 910 esse
946 878 1148 909 substantivi
1179 878 1320 910 verbalis
1352 880 1386 909 et
1408 878 1461 910 alii
1483 878 1601 910 docent
1622 880 1657 910 et
1677 878 1835 919 Schmala

188 933 243 971 qui
270 933 356 964 idem
384 933 543 972 quomodo
565 941 663 964 usum
683 933 834 964 infinitivi
854 934 1056 965 incrementa
1076 933 1234 972 paulatim
1256 934 1383 972 cepisse
1405 934 1569 973 ostendat,
1583 935 1603 964 ¹)
1624 936 1662 965 ut
1683 942 1837 965 memora-

187 988 258 1028 bile,
280 988 314 1020 in
333 989 424 1021 brevi
444 991 622 1029 conspectu
643 989 787 1029 positum
808 989 952 1022 afferam.

282 1045 334 1076 Ita
361 1045 483 1077 sentire
507 1046 586 1076 mihi
606 1046 744 1085 videtur,
765 1046 960 1077 infinitivum
981 1045 1084 1084 primo
1106 1046 1236 1083 quidem
1257 1045 1485 1076 tantummodo
1506 1045 1577 1077 vice
1598 1046 1699 1076 dativi
1722 1046 1835 1085 finalis,

187 1100 241 1140 qui
263 1101 388 1142 dicitur,
422 1100 579 1141 functum,
611 1109 686 1133 cum
717 1110 735 1134 e
765 1101 927 1134 locutione
953 1101 1045 1133 dare
1066 1101 1195 1133 bibere
1216 1100 1309 1133 simil.
1332 1109 1424 1133 novae
1446 1102 1660 1133 emanassent
1680 1101 1835 1141 significa·

185 1157 284 1188 tionis
305 1157 411 1188 finalis
432 1166 548 1196 parum
568 1158 753 1197 participes,
775 1159 907 1197 propter
927 1156 1057 1196 gratam
1078 1158 1343 1189 commoditatem
1365 1158 1396 1188 in
1418 1158 1560 1188 breviter
1579 1157 1704 1189 dicendi
1719 1166 1834 1196 genere

185 1213 286 1245 sitam
313 1213 414 1245 etiam
442 1213 559 1245 obiecti
574 1213 594 1246 ²)
616 1215 728 1253 partes
748 1214 782 1245 in
803 1214 872 1245 dies
894 1213 998 1253 magis
1020 1213 1187 1253 suscipere
1208 1213 1370 1252 coepisse;
1399 1221 1464 1252 qua
1484 1213 1611 1245 ratione
1632 1213 1731 1245 verba
1751 1213 1834 1245 inter

187 1277 224 1301 se
249 1270 460 1302 connectendi
480 1270 636 1302 instituta
656 1270 937 1310 promptissimum
959 1270 1061 1302 fuisse
1086 1270 1131 1301 illi
1151 1270 1375 1302 commoditati
1396 1270 1578 1302 servientes
1600 1270 1642 1301 ad
1663 1270 1724 1302 hac
1745 1271 1834 1302 verbi

187 1324 291 1363 figura
311 1325 458 1356 subiecto
479 1325 637 1356 utendum
659 1325 822 1357 accedere.
865 1325 930 1356 Sed
951 1326 985 1356 et
1000 1325 1149 1356 Graecam
1162 1325 1306 1363 linguam
1320 1325 1418 1356 huius
1432 1325 1631 1356 locutionum
1645 1326 1833 1356 incrementi

187 1380 329 1412 nonnihil
350 1381 518 1413 auctorem
536 1380 638 1413 fuisse
659 1389 765 1420 neque
785 1382 885 1420 negat
905 1380 957 1413 ille
978 1389 1083 1420 neque
1104 1389 1223 1420 negare
1243 1381 1328 1413 licet.

238 1508 291 1567 A.
363 1508 439 1567 De
477 1508 780 1568 infinitivo
818 1508 1070 1567 subiecti
1107 1508 1539 1572 enuntiationis
1576 1507 1773 1566 locum

855 1593 1174 1651 obtinente.

281 1707 350 1738 Iam
377 1707 578 1746 temporibus
606 1707 745 1738 Terentii
773 1707 956 1745 saepissime
981 1707 1050 1738 fieri
1071 1707 1207 1746 solebat,
1230 1708 1267 1737 ut
1288 1715 1424 1737 munera
1445 1706 1583 1737 subiecti
1604 1706 1760 1737 infinitivo
1781 1714 1832 1739 ex-

185 1754 352 1792 sequenda
382 1754 662 1793 permitterentur;
695 1755 748 1793 qui
776 1762 852 1785 cum
875 1754 961 1785 hunc
981 1754 1156 1786 sententiae
1176 1754 1283 1786 locum
1304 1754 1438 1793 obtinet,
1461 1754 1547 1785 actio
1569 1754 1658 1785 verbi
1680 1754 1831 1784 universa

185 1803 338 1841 spectata
357 1802 391 1834 in
412 1802 669 1843 explicationem,
690 1810 783 1842 paene
803 1802 919 1841 dicam,
941 1802 1029 1834 cadit
1050 1803 1150 1841 atque
1171 1802 1334 1834 iudicium.

282 1850 360 1889 Quae
381 1850 421 1882 de
442 1850 660 1890 praedicativo,
683 1851 767 1890 quod
788 1851 933 1890 vocatur,
954 1850 1110 1881 notabilia
1130 1850 1245 1889 putavi
1266 1850 1375 1881 videre
1396 1850 1472 1881 licet
1492 1849 1585 1881 infra.

280 1898 463 1930 Infinitivus
484 1898 553 1930 loco
575 1898 713 1930 subiecti
733 1898 861 1938 positus
882 1897 1086 1937 coniungitur

605 1972 632 2008 1)
654 1977 748 2003 cum
769 1969 1048 2003 locutionibus
1068 1969 1417 2008 impersonalibus

813 2037 844 2071 a)
865 2042 946 2066 esee
965 2042 1028 2065 cum
1049 2034 1208 2065 adloctlrla:

278 2098 380 2130 Hem
401 2099 462 2130 620
481 2098 513 2129 Ε
530 2099 629 2130 medio
650 2107 777 2137 aequom
797 2099 934 2129 excedere
954 2100 1004 2130 est.
1047 2099 1107 2129 840
1126 2098 1226 2129 Multa
1246 2106 1283 2128 ew
1303 2106 1361 2136 quo
1381 2098 1497 2136 fuerint
1516 2097 1681 2134 commoda,
1703 2097 1767 2126 eius
1787 2096 1830 2126 in-

181 2146 339 2178 commoda
359 2148 507 2186 aequomst
523 2147 612 2186 ferre.
654 2147 716 2178 Ad.
738 2148 798 2179 968
817 2146 963 2178 Prodesse
983 2148 1137 2185 oeqzumwt.
1158 2164 1188 2168 —
1214 2145 1291 2177 Hec.
1316 2146 1374 2177 740
1394 2145 1543 2176 Inscitum
1558 2145 1665 2183 offerre
1680 2144 1830 2174 iniuriam

184 2193 236 2224 tibi
256 2194 417 2226 inmerenti
436 2194 580 2233 iniquom
600 2196 650 2226 est.

286 2286 305 2319 ¹)
323 2286 350 2313 J.
368 2286 406 2313 H.
426 2286 557 2319 Schmalz,
576 2285 743 2312 Lateinische
762 2285 866 2319 Syntax
885 2285 922 2319 (in
944 2284 1115 2311 >Handbuch
1132 2283 1179 2310 der
1196 2284 1360 2310 klassischen
1379 2282 1759 2313 ‚anatum-wissenschaft»,
1778 2290 1829 2308 von

182 2327 256 2353 Iwan
274 2336 326 2354 von
345 2329 460 2361 Miiller),
479 2330 493 2362 ξ
510 2329 562 2355 218
579 2337 636 2362 sqq.

285 2370 304 2403 ²)
323 2371 387 2397 Huc
405 2371 528 2397 Schmalz
546 2371 625 2397 etiam
644 2379 722 2396 usum
740 2370 867 2396 infinitivi
885 2370 920 2396 ad
938 2370 1018 2396 verba
1035 2369 1190 2403 imperfecta
1208 2378 1235 2395 se
1253 2369 1411 2403 applicantis
1430 2369 1517 2394 refert.

285 2413 304 2446 ³)
323 2412 357 2438 In
375 2413 501 2448 exemplis
519 2413 697 2440 describendis
716 2421 780 2439 usus
799 2421 857 2438 sum
877 2412 991 2438 editione
1009 2411 1215 2445 Umpfenbachii
1234 2411 1359 2445 (Berolini
1379 2410 1602 2442 MDCCCLXX).
