2181 2783
1045 608 1140 658 IV.

654 737 740 818 De
785 738 1156 829 temporibus
1199 737 1533 808 infinitivi.

558 904 583 934 l.
625 902 830 935 Pro-enn-

358 973 494 1012 Vulgari
526 975 635 1013 generi
667 974 824 1007 orationis
857 975 1086 1007 convenienter
1106 974 1161 1006 inf.
1184 983 1279 1014 praes.
1301 974 1466 1006 interdum
1487 982 1544 1013 pro
1564 973 1624 1005 fut.
1648 975 1826 1012 usurpatur
1847 975 1923 1013 post

262 1022 362 1059 verba
383 1030 456 1060 quae
478 1025 558 1053 sunt
586 1023 655 1061 aio,
678 1022 772 1062 dico,
794 1023 960 1062 miniter,
983 1032 1089 1062 nego,
1111 1023 1304 1062 polliceor,
1326 1031 1448 1062 spero.
1484 1022 1672 1054 Subiectum
1686 1021 1836 1052 infinitivi
1850 1024 1921 1053 turn

262 1070 419 1100 omissum
441 1071 504 1108 est,
526 1071 599 1100 tum
620 1073 752 1102 exstat·

359 1133 459 1164 Andr.
482 1134 542 1165 353
564 1142 612 1172 sq,
635 1135 694 1165 Ait
716 1135 769 1165 tibi
788 1143 917 1165 uxorem
937 1135 1014 1165 dare
1034 1135 1129 1166 hodie.
1172 1134 1233 1166 Ad.
1257 1135 1317 1165 224
1341 1134 1380 1165 Te
1399 1134 1490 1165 aiunt
1503 1134 1657 1173 proficisci
1681 1133 1829 1172 Cyprum.

312 1227 334 1258 d
358 1180 458 1212 Andr.
482 1182 539 1212 411
569 1181 605 1212 Si
627 1183 652 1212 te
672 1182 761 1213 dices
782 1183 897 1213 dzwere.
940 1182 1067 1213 Phorm.
1090 1184 1147 1213 531
1171 1191 1220 1221 sq.
1246 1182 1325 1213 Gra-3
1345 1191 1437 1213 mane
1457 1184 1619 1221 argentum
1639 1181 1718 1212 ‘mihi
1738 1181 1826 1212 miles
1846 1181 1922 1212 dare

260 1236 292 1258 se
334 1228 402 1258 ixit.

358 1275 437 1307 Hec.
461 1276 519 1307 427
543 1276 628 1315 Quod
647 1285 729 1308 num:
750 1277 901 1309 minitare
921 1277 1028 1317 facere.

358 1323 459 1354 Andr.
482 1325 542 1355 379
573 1324 609 1355 Si
631 1326 663 1355 tu
684 1326 814 1364 negaris
835 1325 950 1355 ducere.

291 1420 340 1449 tus
358 1371 459 1402 Andr.
481 1372 541 1403 613
572 1371 651 1403 Sum
683 1372 845 1412 pollicitus
876 1373 991 1405 ducere.
1045 1373 1165 1405 Heaut.
1189 1374 1247 1404 724
1279 1373 1386 1404 Decem
1414 1373 1519 1403 minae
1544 1381 1623 1411 quas
1643 1372 1722 1404 mihi
1742 1372 1818 1404 dare
1832 1372 1920 1412 polli-

262 1419 289 1449 ci
360 1421 411 1450 est.

358 1467 438 1498 Eun.
461 1468 521 1499 520
541 1468 660 1507 Sperat
680 1477 711 1500 se
732 1478 753 1500 a
773 1478 822 1500 me
842 1470 979 1501 auellere.
1022 1470 1082 1501 920
1096 1469 1191 1508 Spero
1205 1478 1254 1500 me
1267 1469 1376 1500 habere
1398 1471 1465 1507 (pro
1487 1469 1707 1500 habituram
1730 1470 1788 1500 aut
1808 1476 1921 1508 spero

263 1523 320 1553 pro
342 1515 469 1554 credo,
490 1515 661 1552 Donatus).

557 1622 585 1652 2.
627 1619 875 1652 reflectam.

359 1691 455 1723 Solus
482 1691 538 1724 inf.
567 1692 618 1723 his
640 1692 719 1725 locis
741 1695 795 1725 est
815 1693 848 1724 in
869 1693 948 1733 perf.
971 1693 1108 1733 positus,
1131 1693 1185 1725 ubi
1207 1701 1248 1725 ex
1268 1694 1384 1725 nostra
1404 1692 1514 1732 lingua
1534 1693 1706 1725 verborum
1728 1693 1920 1726 coniunctio-

263 1749 338 1771 nem
360 1742 516 1779 spectans
538 1750 633 1780 praes.
657 1742 910 1780 exspectaveris.
954 1742 1022 1780 Quo
1043 1742 1076 1773 in
1098 1745 1244 1781 tempore
1266 1741 1388 1773 utendo
1409 1744 1507 1780 poeta
1527 1750 1591 1773 non
1612 1743 1683 1773 tam
1702 1742 1743 1773 ad
1759 1742 1921 1774 actionem

263 1788 413 1819 infinitivi
436 1789 582 1827 animum
604 1789 748 1821 attendit
769 1797 868 1828 quam
891 1789 932 1821 ad
954 1790 1024 1821 eius
1046 1791 1174 1821 eventa.

360 1863 390 1896 a)
413 1861 509 1900 Apud
531 1862 728 1893 locutionem
749 1862 1000 1901 impersonalem
1021 1863 1159 1894 melius
1181 1863 1270 1894 erit:

360 1924 422 1954 Ad.
448 1925 505 1955 180
525 1925 605 1955 Ante
625 1924 705 1956 aedee
725 1933 784 1956 mm
805 1925 906 1964 fecisse
926 1926 986 1956 em't
1004 1926 1115 1957 melius
1134 1926 1183 1956 hic
1203 1925 1382 1956 conw'm'um.

362 2005 393 2040 b)
420 2005 517 2043 Apud
543 2006 679 2037 verbum
701 2006 787 2037 volo
809 2014 883 2037 cum
905 2006 1131 2038 interdictIOne
1153 2006 1371 2037 coniunctum.
1414 2006 1475 2037 Hic
1496 2006 1574 2045 perf.
1597 2007 1753 2046 temporis
1775 2016 1856 2039 usus
1879 2008 1920 2039 ad

264 2052 430 2090 exemplar
451 2053 608 2084 orationis
630 2054 758 2091 generis
779 2053 887 2092 legum
910 2054 1027 2092 proprii
1048 2054 1158 2085 factus
1179 2055 1242 2085 est.

363 2115 442 2146 Hec.
465 2117 524 2147 563
545 2116 696 2147 Interdico
715 2125 753 2147 ne
772 2117 914 2148 amisse
933 2119 1022 2148 extra
1043 2117 1120 2148 aedis
1134 2125 1273 2156 puerum
1293 2124 1427 2155 usquam
1447 2117 1531 2148 uelis.

361 2204 458 2235 Annot.
500 2205 537 2236 In
562 2205 805 2237 constructione
831 2214 898 2237 acc.
925 2214 999 2237 cum
1020 2206 1075 2237 inf.
1098 2214 1116 2237 e
1137 2205 1246 2237 verbis
1268 2206 1414 2244 expeto,
1437 2205 1531 2245 volo,
1552 2206 1637 2238 nolo
1658 2206 1820 2245 pendente
1841 2206 1920 2246 perf.

266 2260 355 2290 pass.
378 2261 622 2292 nonnumquam
644 2254 804 2293 reperitur
824 2263 904 2286 voce
925 2254 1032 2286 “esse“
1050 2254 1234 2294 saepissime
1249 2253 1386 2293 omissa;
1408 2261 1471 2292 quo
1485 2254 1640 2286 orationis
1656 2262 1773 2294 genere
1786 2254 1819 2287 id
1836 2255 1921 2294 quod

265 2300 298 2330 in
320 2301 407 2332 votis
429 2304 482 2333 est
503 2303 598 2340 quasi
619 2303 685 2334 iam
707 2302 887 2342 perfectum
910 2303 1042 2342 gravius
1063 2302 1258 2335 ostenditur.
1299 2301 1466 2334 Interdum
1488 2303 1588 2335 etiam
1610 2311 1676 2335 acc.
1698 2303 1842 2335 omissus
1858 2305 1920 2335 est.

266 2348 400 2380 Suecice
422 2352 533 2388 potest
554 2350 605 2381 hic
627 2351 706 2390 perf.
728 2353 827 2390 temp.
850 2359 931 2382 usus
953 2351 1061 2383 verbis
1082 2350 1153 2381 “vill
1174 2349 1288 2382 hafva“
1311 2350 1404 2382 simil.
1427 2351 1524 2382 reddi.
