2181 2783
252 255 255 257 ,
309 222 372 255 Ad.
405 223 465 254 422
496 230 545 261 sq.
575 222 665 254 Nam
685 221 720 253 id
739 221 824 253 nobie
845 223 911 254 mm
931 222 1120 261 flagitiumst
1138 230 1235 261 Quam
1255 223 1320 261 illa,
1342 223 1463 260 Demea,
1484 231 1545 254 non
1563 223 1662 262 facere
1681 224 1774 261 uobis,
1795 232 1866 262 quoe

213 270 303 302 modo
321 269 403 302 aaa
423 269 676 310 (flagitiumst
694 267 782 301 idem
802 264 966 309 significat
986 269 1072 308 quod
1092 269 1338 309 flagitiosum
1359 271 1441 306 est).

307 317 370 350 Ad.
396 318 456 351 216
485 317 654 350 Pecuniam
678 317 712 348 in
733 317 792 349 loco
811 317 957 358 necleyere
975 317 1155 349 mavimam
1176 317 1364 349 interdamt
1381 317 1508 350 lucrum
1528 318 1718 356 (maximum
1738 318 1864 350 lucrum

213 378 259 394 =
271 365 552 402 lucrosissimum).

309 413 436 447 Phorm.
457 413 517 445 885
538 421 587 452 sq.
609 412 743 444 Samma
763 413 903 444 eludendi
923 413 1082 445 occasiost
1099 413 1179 444 mihi
1198 421 1279 445 nunc
1298 422 1381 445 senes
1394 415 1423 444 et
1434 413 1592 444 Phaedn‘ae
1605 422 1714 445 curam
1727 414 1864 446 adimere

213 463 427 503 arqentariam
458 462 493 493 et
523 461 703 501 genitivum
734 460 880 501 gerundii
907 463 942 494 et
961 461 1158 493 infinitivum
1179 462 1312 502 praebet,
1333 462 1367 493 in
1389 471 1454 501 qua
1474 462 1580 502 pn'ore
1600 463 1771 494 verborum
1792 470 1862 495 con-

213 510 394 542 structione
414 508 627 541 substantiva
646 509 736 541 vocis
757 510 937 542 occasionis
958 510 1078 541 natura
1092 510 1197 549 magis
1212 511 1245 541 in
1259 510 1365 542 lucem
1378 510 1495 549 prodit,
1510 511 1625 541 contra
1639 510 1672 541 in
1686 511 1863 549 posteriore

214 564 363 591 summa
382 556 583 590 occasiost
602 567 649 585 =
669 556 1044 597 opportunissimum
1065 559 1135 589 est.

311 605 460 638 Officium
480 605 582 637 Andr.
603 605 664 637 830
685 613 745 644 sq.:
767 613 797 638 v.
819 613 920 647 supra
941 606 1068 644 (Annon).

309 653 411 686 Andr.
432 654 491 685 217
511 653 690 692 Audireque
708 655 844 685 eorumst
862 662 969 693 operae
989 654 1129 693 pretium
1151 654 1328 685 audaciam.

308 701 430 734 Heaut.
456 702 516 734 578
546 700 607 733 Sed
625 703 766 733 nostram
786 703 830 734 εει
848 702 1022 743 intellegere,
1043 703 1080 733 at
1097 711 1225 742 cumque
1244 703 1333 742 atque
1354 702 1406 733 ubi
1426 711 1553 741 mamque
1574 710 1656 742 opus
1676 703 1717 733 sit
1736 703 1862 742 obsequi.

309 750 429 782 Heaut.
451 750 511 782 228
530 750 621 781 Nihil
640 758 702 782 εεεε
720 750 800 782 mihi
819 750 959 790 religiose
977 751 1083 782 dicere.

308 798 388 830 Eun.
419 798 480 830 937
511 806 581 837 sqq.
612 798 742 830 Harum
771 798 876 829 uidere
905 799 1056 830 inluuiem
1086 798 1191 830 cordes
1220 799 1429 838 inopiam...
1451 807 1536 830 nosse
1560 799 1665 830 omnia
1689 799 1752 830 hoec
1772 799 1862 831 salus

213 848 269 884 (z
283 845 440 883 salutaro)
461 847 506 877 εει
524 845 765 878 adumoentulis.

308 894 388 927 Hoc.
410 894 470 926 202
505 894 591 926 Uim's
611 904 672 926 εεεε
692 895 844 926 aduersas
864 903 948 934 oeque
968 895 1115 927 studium
1136 897 1179 926 est
1198 895 1285 927 idem
1306 895 1470 934 significan
1491 895 1577 934 quod
1597 894 1692 926 “viris
1714 903 1789 927 csse
1810 896 1861 927 ad-

213 949 318 974 versae
339 949 433 981 aeque
453 942 614 974 studenv‘.

308 989 388 1022 Heo.
409 990 469 1022 597
502 989 642 1030 Tempus
664 993 719 1029 (ε
733 991 978 1030 tempestivum)
1000 992 1044 1023 εει
1062 990 1224 1023 concedere.
1273 990 1364 1029 [Gen.
1386 990 1545 1030 gerundii:
1577 991 1637 1022 746
1660 990 1726 1021 Tibi
1747 992 1863 1030 tempus

212 1038 386 1069 consulendi
405 1039 467 1075 est]
709 1046 711 1049 ’

915 1087 940 1122 β)
961 1086 1151 1125 genitivo:

308 1141 387 1174 Hoc.
409 1142 468 1174 529
498 1142 603 1181 Neque
622 1141 697 1173 adeo
716 1143 869 1174 arbitrari
882 1143 990 1182 patris
1009 1144 1054 1174 est
1072 1143 1164 1174 aliter
1190 1142 1309 1182 (patris
1331 1143 1384 1174 est
1404 1154 1449 1169 z
1470 1142 1614 1182 patrium
1636 1143 1689 1174 est
1709 1142 1780 1179 (Ad-
1803 1142 1861 1181 74),

211 1191 340 1230 patrem
361 1189 480 1229 decet).
522 1190 585 1222 Ad.
608 1191 667 1222 734
707 1190 866 1222 Simulare
885 1193 961 1222 certe
981 1193 1025 1223 εει
1043 1191 1186 1222 hominis.

307 1239 404 1270 annot.
447 1238 529 1270 Cum
559 1238 610 1271 his
641 1238 857 1271 locutionibus
888 1239 1009 1272 confer:
1041 1239 1142 1271 Andr.
1164 1240 1224 1271 867
1257 1238 1430 1277 Ostendam,
1462 1247 1550 1270 eram
1582 1238 1657 1278 quia
1688 1239 1729 1270 sit
1752 1238 1862 1278 pericli

212 1288 267 1324 (z
282 1295 381 1325 quam
401 1286 619 1326 periculosum
639 1287 694 1324 sit)
714 1287 830 1326 fallere.
871 1288 951 1319 Eun.
973 1289 1033 1319 640
1053 1296 1102 1326 sq.
1127 1288 1209 1319 Certe
1229 1290 1366 1318 extrema
1387 1288 1467 1318 linea
1487 1296 1597 1319 amare
1617 1287 1695 1318 haut
1712 1287 1790 1318 nihil
1809 1288 1860 1318 εει.

213 1335 269 1366 791
293 1334 406 1373 Quanti
425 1336 469 1366 εει
487 1336 609 1374 sapere!
647 1335 775 1367 Phorm.
796 1336 835 1367 61
857 1344 906 1374 sq.
930 1336 1009 1374 Quid
1029 1336 1108 1366 mihi
1129 1336 1208 1366 lucri
1228 1337 1271 1366 est
1285 1337 1310 1366 te
1322 1335 1450 1375 fallere?
1492 1336 1550 1366 482
1573 1335 1728 1374 Quantum
1742 1335 1863 1365 metuist

210 1382 289 1414 mihi
308 1383 413 1414 uidere
433 1383 491 1414 huc
510 1383 632 1415 saluom
652 1392 734 1415 nunc
747 1385 899 1423 patruom
921 1383 1067 1422 (venirem

844 1456 872 1492 c)
893 1463 975 1487 osse
994 1463 1058 1487 oum
1079 1455 1233 1494 lnflnltlrle:

308 1518 370 1550 Hic
390 1518 489 1558 igitur
510 1519 572 1551 duo
595 1518 746 1550 infinitivi
766 1520 846 1551 sunt
859 1519 958 1551 verbo
973 1519 1183 1551 substantivo
1198 1527 1273 1551 esse
1288 1519 1461 1559 coniuncti,
1477 1527 1614 1558 quorum
1628 1519 1861 1562 alterlsubiecti

210 1566 318 1598 locum
339 1567 474 1606 obtinet,
496 1567 579 1598 alter
599 1567 744 1606 fungitur
764 1567 835 1599 vice
856 1568 1067 1606 praedicativi.
1121 1582 1130 1590 ·

306 1614 369 1646 Ad.
394 1615 448 1646 131
471 1622 519 1653 sq.
541 1615 657 1646 Ambos
676 1623 787 1646 curare
801 1616 1028 1655 propemodum
1048 1623 1199 1655 reposcere
1220 1615 1311 1646 illam
1332 1617 1375 1645 εει
1394 1623 1483 1653 quem
1504 1615 1623 1646 dedisti.
1665 1615 1711 1646 De
1725 1615 1785 1645 Ad.
1801 1615 1860 1645 386

211 1671 281 1701 sqq.
303 1671 334 1694 v.
355 1671 428 1702 pag.
453 1663 499 1694 13.
526 1681 556 1685 —
582 1663 640 1695 Cui
661 1664 807 1703 exemplo
828 1666 969 1702 cognata
989 1666 1082 1695 sunt:
1104 1664 1204 1696 Andr.
1226 1665 1286 1696 896
1306 1663 1346 1695 Id
1367 1667 1422 1701 (z
1437 1672 1548 1695 amare
1568 1663 1663 1700 hanc)
1671 1672 1795 1703 peccare
1807 1664 1858 1694 εει.

210 1710 290 1742 Eun.
313 1711 371 1742 782
391 1710 472 1742 que
491 1712 536 1742 εει
553 1720 669 1750 «sapere.
711 1711 790 1743 Hoc.
811 1712 872 1743 608
892 1711 976 1743 Istuc
995 1713 1040 1743 εει
1057 1720 1173 1751 capere.
1214 1712 1276 1743 Ad.
1300 1713 1358 1743 707
1379 1711 1445 1742 Hoc
1465 1713 1509 1742 εει
1521 1713 1647 1750 patrem
1667 1720 1728 1743 εεεε
1740 1711 1860 1743 authoc

210 1759 255 1789 εει
272 1758 376 1797 filiam
396 1760 478 1790 esse?

691 1824 721 1859 2)
743 1829 836 1854 oum
857 1822 996 1855 verbis
1017 1822 1378 1862 impersonalibus.

307 1894 386 1926 Hec.
411 1895 468 1927 164
498 1895 632 1926 Liberali
657 1904 718 1926 εεεε
742 1896 860 1935 inyem'c
884 1895 987 1928 decet.
1018 1914 1048 1918 —
1077 1896 1110 1928 Is
1132 1904 1228 1935 quem
1251 1896 1328 1934 quid
1349 1896 1444 1928 decet
1465 1904 1532 1927 acc.
1555 1904 1635 1928 casu
1656 1895 1857 1935 designatur:

210 1942 289 1974 Eun.
313 1943 372 1974 789
394 1942 506 1974 Omm'a
520 1943 617 1982 prius
636 1944 770 1983 eapem’rt
790 1953 886 1983 quam
906 1945 1007 1975 armis
1027 1944 1193 1984 sapientem
1213 1944 1299 1974 decet.
1342 1944 1462 1975 Heaut.
1487 1945 1544 1975 132
1567 1944 1660 1982 Quem
1674 1944 1796 1982 pariter
1813 1944 1859 1974 ua·

210 1990 260 2022 hie
285 1990 392 2024 decuit.
443 1990 523 2024 Hec.
545 1991 605 2023 252
625 1999 674 2031 sq.
706 1991 805 2024 Haud
825 1993 870 2024 ita
890 1992 989 2025 decet.
1006 2017 1012 2024 .
1029 2017 1036 2024 .
1057 1992 1152 2024 celare
1173 1993 1199 2023 te
1219 1992 1294 2024 iras.
1337 1988 1399 2023 Ad.
1421 1992 1481 2024 506
1501 1991 1588 2023 Decet
1609 1993 1633 2023 te
1652 1992 1757 2032 facere.
1797 1992 1858 2023 948

209 2039 291 2071 Bene
309 2049 365 2071 nos
383 2040 505 2079 aliquid
523 2040 621 2080 facere
640 2041 688 2072 illi
708 2041 794 2073 decet.
835 2042 896 2073 954
916 2050 965 2080 sq.
986 2041 1077 2073 Hanc
1096 2041 1254 2072 maculam
1274 2050 1328 2072 nos
1342 2041 1421 2072 decet
1432 2041 1570 2080 effuyere.
1612 2041 1687 2072 Sine
1701 2040 1857 2072 infinitivo

210 2087 355 2126 positum
374 2087 501 2120 “deceffl
521 2089 704 2127 promiscue
717 2088 736 2120 ¹)
757 2083 972 2121 habet'modo
994 2089 1219 2121 accusativum
1240 2089 1335 2120 modo
1357 2089 1514 2120 dativum.
1556 2090 1655 2119 Acc.:
1677 2089 1776 2119 Andr.
1798 2089 1855 2119 421

211 2138 266 2173 (Ξ
280 2135 401 2168 Heaut.
425 2137 513 2173 1054)
534 2136 628 2168 Facis
647 2138 682 2168 ut
703 2139 728 2168 te
747 2137 834 2169 decet.
876 2138 935 2169 445
961 2137 1002 2169 Ut
1019 2138 1127 2169 airam
1147 2138 1256 2177 fortem
1277 2137 1363 2169 decet.
1405 2137 1484 2169 Eun.
1506 2138 1566 2169 814
1587 2145 1634 2175 sq.
1656 2136 1706 2167 Ita
1723 2138 1758 2167 ut
1769 2136 1857 2176 sartis

210 2184 289 2215 decet
317 2185 437 2216 milites.
484 2185 581 2217 Dat.:
612 2185 674 2217 Ad.
697 2187 754 2217 491
780 2186 856 2217 Haec
870 2187 1017 2225 primum
1037 2188 1073 2217 ut
1090 2187 1169 2224 fiant
1188 2186 1257 2217 cleos
1276 2195 1377 2225 qaoeso
1397 2188 1432 2216 ut
1451 2186 1535 2217 nobis
1555 2186 1640 2216 decet.
1681 2185 1740 2216 928
1757 2184 1858 2215 Immo

210 2231 306 2263 hercle
324 2233 370 2264 ita
389 2233 474 2264 nobis
494 2233 579 2265 decet.

269 2342 272 2346 ·
314 2324 333 2356 ¹)
351 2323 439 2350 Aliam
457 2324 495 2350 rei
513 2324 757 2360 interpretationem
774 2324 923 2351 invenimus
942 2324 1014 2359 apud
1032 2324 1154 2351 Dziatzk.
1173 2324 1207 2350 ad
1225 2323 1277 2350 Ad.
1296 2324 1345 2349 491
1372 2323 1444 2357 (Carl
1462 2323 1603 2349 Dziatzlm:
1622 2321 1761 2356 Adelphoe,
1780 2322 1857 2356 Leip-

210 2365 253 2399 zig
271 2365 356 2398 1881).
