2181 2783
958 133 1108 165 „17-

300 206 397 237 Annot.
437 206 499 239 His
528 215 655 246 quoque
679 207 896 239 locutionibus
917 207 1090 246 aliquando
1111 207 1188 238 talis
1209 208 1260 239 vis
1281 209 1459 249 subiicitur,
1480 211 1519 241 ut
1539 211 1721 243 enuntiatio
1742 220 1854 244 secun-

206 252 298 284 daria
318 253 544 285 coniunctione
563 254 620 285 illa
639 255 678 285 ut
698 253 833 285 inducta
852 255 1020 292 sequatur.

301 300 379 334 Hec.
401 301 461 334 243
480 300 548 334 Scio
562 326 570 334 .
586 326 593 334 .
609 325 617 333 .
631 309 735 333 metam
755 301 810 333 ius'
827 309 889 333 esee
908 302 945 332 ut
963 303 989 333 te
1007 310 1113 342 coyam
1134 301 1266 340 (“skulle
1287 303 1398 335 kunna
1418 303 1567 343 tvinga“).

299 349 426 381 Phorm.
448 350 508 382 204
527 349 598 381 ΑΝ.
619 349 691 390 Non
710 358 782 380 eum
802 351 880 388 aput
899 358 955 380 me.
997 349 1061 381 GE.
1082 351 1179 389 Atqui
1199 358 1281 389 opus
1302 353 1347 381 est
1364 360 1446 382 nunc
1465 360 1535 383 cum
1556 355 1694 385 maxime
1712 357 1749 385 ut
1765 356 1818 386 sis.

907 408 920 439 fi
980 405 1143 437 enitivo:

299 461 399 493 Andr.
424 462 481 493 186
502 469 550 500 sq.
573 460 633 493 Sed
652 470 733 493 nunc
753 470 788 493 ea
808 470 857 493 me
877 406 1035 501 exgufrere
1055 462 1155 501 iniqui
1168 462 1276 502 patrie
1296 464 1347 495 est.

839 527 867 562 c)
888 533 970 557 esee
989 533 1053 556 oum
1073 526 1221 564 lnflnltlro:

300 582 420 614 Heaut.
442 582 503 613 324
522 581 562 613 Id
581 583 725 622 superest,
745 582 821 613 uelle
842 583 868 613 w
887 582 922 613 id
941 582 1022 621 quod
1041 591 1100 613 non
1114 584 1214 622 potest
1232 584 1399 622 continyere
1420 587 1460 621 (v.
1482 592 1555 623 pag.
1577 585 1637 621 29).

683 654 712 690 2)
733 660 828 685 oum
847 652 987 685 verbis
1008 653 1359 692 impersonalibus

298 710 378 741 Eun.
401 711 460 741 486
480 710 628 748 Apparet
648 718 770 740 seruom
789 710 870 740 hunc
889 719 959 741 esse.

297 757 377 789 Eun.
400 758 459 789 494
479 765 528 796 sq.
559 756 658 789 Haud
684 758 836 790 conuenit
856 766 922 788 una
942 758 987 789 ire
1007 766 1077 788 cum
1097 759 1200 789 amica
1220 759 1446 798 imperatorem.
1488 759 1608 791 Heaut.
1634 761 1689 791 165
1711 769 1759 799 sq.
1781 761 1851 792 Non

201 806 339 837 conuenit
353 829 360 837 .
378 829 385 837 .
402 829 409 837 .
423 814 473 837 ‘me
491 806 598 845 ipsum
617 806 729 846 fugere.

297 854 399 885 Andr.
423 855 460 884 15
481 862 530 893 sq.
552 854 720 893 Dieputant
738 854 945 884 contaminari
965 863 1025 884 non
1046 854 1160 885 decere
1181 855 1315 894 fabulas.

297 902 377 933 Eun.
398 902 458 933 832
479 909 528 940 sq.
549 901 709 941 Dispudet
728 902 773 933 sic
792 902 871 933 mihi
890 901 966 932 dam
986 910 1048 932 esee
1067 902 1170 933 uerba.

297 950 344 981 De
364 949 447 982 dolet
466 950 528 981 Ad.
550 951 609 981 272
630 958 678 988 sq.
702 951 737 981 et
757 951 817 981 682
838 958 868 981 v.
890 958 963 989 pag.
986 951 1034 981 29.

297 996 417 1029 Heaut.
439 998 499 1029 514
518 997 607 1029 Num
626 1006 675 1028 me
696 997 808 1029 fefellit
827 997 911 1029 hoece
930 998 965 1029 td
984 999 1122 1029 struere?

296 1045 398 1076 Andr.
419 1045 480 1076 958
499 1045 578 1076 Mihi
598 1054 679 1076 nunc
698 1046 742 1076 etc
761 1053 823 1076 esee
842 1045 895 1076 hoc
914 1054 1026 1076 uerum
1046 1046 1145 1076 lubet.

296 1092 416 1124 Heaut.
438 1094 498 1124 666
518 1092 588 1124 Non
609 1093 685 1125 licet
705 1093 857 1124 hominem
876 1102 938 1124 esse
957 1102 1037 1133 soepe
1057 1094 1102 1124 ita
1115 1095 1151 1124 ut
1163 1093 1233 1124 uolt.
1269 1094 1329 1125 672
1343 1093 1423 1124 Licet
1435 1102 1484 1124 me
1499 1094 1591 1124 laoere
1606 1095 1674 1125 tecto
1687 1095 1848 1127 abeoewe.

296 1140 417 1172 Heaut.
439 1141 498 1172 260
519 1149 567 1180 sq.
593 1141 734 1181 Miseret,
756 1142 809 1180 qui
829 1141 944 1173 harum
964 1150 1064 1172 mores
1084 1142 1228 1172 cantabat
1246 1140 1333 1179 mihi,
1355 1142 1508 1172 monuisse
1526 1142 1650 1181 snt-stra
1669 1152 1761 1182 neque
1779 1153 1848 1175 eum

194 1189 330 1227 potuisse
349 1197 501 1228 umquam
521 1190 561 1220 ab
580 1189 638 1220 hac
658 1198 706 1220 me
726 1190 880 1229 aepetlere.

293 1236 394 1268 Andr.
417 1237 476 1268 238
497 1245 545 1276 sq.
566 1237 675 1268 Nonne
695 1238 838 1276 oportuit
852 1237 1014 1276 praescisse
1034 1246 1083 1268 me
1102 1238 1192 1268 ante?
1233 1238 1293 1268 544
1316 1237 1411 1276 Quasi
1431 1237 1484 1268 hoc
1505 1239 1530 1268 te
1549 1238 1666 1269 orando
1685 1248 1707 1270 a
1726 1248 1774 1270 me
1793 1240 1847 1270 im-

192 1286 318 1324 petrare
338 1286 478 1324 worteat.
521 1286 580 1317 786
599 1285 692 1316 Hanc
711 1285 777 1316 iam
797 1286 910 1324 (portet
928 1286 961 1316 in
981 1286 1152 1316 cruciatum
1172 1285 1242 1316 hinc
1262 1286 1374 1324 abripi.
1416 1286 1495 1317 Eun.
1517 1287 1558 1317 80
1579 1286 1664 1325 Quod
1677 1296 1731 1318 nos
1744 1296 1848 1326 capere

197 1335 316 1372 oportet,
337 1333 401 1363 hoec
420 1333 581 1372 intercepit.
623 1334 681 1364 981
704 1342 753 1372 sq.
777 1333 917 1372 Oportuit
935 1342 1001 1364 rem
1017 1342 1237 1372 praenarraese
1257 1342 1313 1364 me.
1360 1334 1435 1364 1012
1455 1333 1567 1364 Ilicone
1587 1334 1705 1365 credere
1725 1344 1760 1365 ea
1779 1345 1847 1374 quoe

197 1381 266 1411 dixi
296 1381 426 1420 ‹morutit
457 1382 504 1419 te?
543 1380 662 1412 Heaut.
685 1382 744 1412 247
764 1381 836 1412 Non
856 1381 988 1420 wortuit
1006 1382 1135 1412 relictas.
1177 1382 1237 1412 536
1257 1381 1334 1412 Hoec
1354 1382 1436 1420 facta
1456 1382 1496 1412 ab
1517 1382 1569 1412 illo
1589 1383 1747 1421 oportebat.
1788 1384 1848 1414 546

200 1429 239 1459 Te
268 1429 412 1460 adiutare
441 1430 560 1467 wortet.
612 1430 672 1460 635
699 1429 919 1468 Intermuptam
939 1430 1078 1468 (monuit.
1119 1429 1246 1461 Phorm.
1269 1430 1308 1460 70
1328 1429 1439 1468 Reyem
1459 1438 1508 1460 me
1528 1438 1590 1460 esse
1609 1431 1747 1469 worout.
1788 1432 1846 1462 222

196 1476 237 1506 Id
256 1477 371 1507 noomet
389 1477 471 1515 ipsos
490 1477 587 1516 facere
607 1478 726 1514 oportet.
761 1477 819 1507 241
835 1484 884 1514 sq.
901 1476 1009 1507 Omnis
1023 1500 1030 1507 .
1046 1500 1054 1508 .
1071 1500 1077 1507 .
1092 1477 1238 1507 meditari
1250 1485 1351 1507 secum
1365 1478 1485 1515 oportet.
1519 1478 1577 1508 851
1593 1477 1845 1508 Familiariorem

197 1525 309 1563 oportet
322 1532 383 1555 esse
396 1524 484 1555 hunc.
517 1524 596 1555 Hec.
612 1524 671 1555 273
691 1524 739 1554 Me
760 1525 894 1555 transire
914 1524 957 1554 ad
971 1524 1076 1563 sorum
1089 1525 1155 1555 iam
1170 1526 1288 1563 oporaet.
1322 1525 1381 1555 448
1395 1532 1443 1562 sq.
1455 1524 1503 1554 Me
1507 1525 1634 1563 parenti
1638 1525 1742 1563 potius
1752 1534 1845 1563 quam

196 1572 299 1603 amori
319 1572 437 1611 obsequi
457 1573 576 1611 oportet.
630 1572 689 1603 774
709 1580 757 1610 sq.
779 1572 945 1611 Pamphilo
964 1581 1013 1603 me
1031 1573 1130 1612 facere
1149 1574 1186 1602 ut
1203 1572 1309 1603 redeat
1327 1581 1408 1602 uxor
1428 1574 1547 1611 oportet.
1589 1572 1652 1604 Ad.
1675 1574 1694 1603 4
1714 1581 1761 1611 sq.
1788 1573 1847 1604 Uos

195 1620 318 1658 iudices,
351 1620 461 1651 taudiu
490 1629 533 1651 an
562 1620 638 1650 uitio
668 1620 738 1650 duci
768 1620 794 1650 it
821 1620 938 1659 factum
959 1622 1099 1659 oporteat.
1143 1621 1202 1651 214
1222 1620 1415 1651 Adulescenti
1435 1628 1551 1651 morem
1570 1622 1688 1659 aestum
1708 1622 1845 1659 «monuit.

197 1669 256 1699 503
277 1676 326 1707 sq.
353 1668 411 1699 Uos
432 1677 517 1707 aequo
537 1668 643 1699 animo
663 1676 752 1706 oequa
772 1676 889 1698 noscere
908 1669 1028 1707 «portet.
1071 1669 1130 1699 672
1151 1676 1200 1707 sq.
1222 1667 1331 1699 Sedere
1351 1668 1483 1707 oportuit
1501 1668 1585 1699 domi
1605 1669 1765 1708 uiryinem.

292 1716 371 1748 Hec.
392 1717 452 1748 647
472 1716 544 1748 Non
565 1717 618 1747 tibi
637 1716 717 1747 illud
736 1716 852 1756 factum
872 1717 977 1747 minus
998 1717 1106 1755 placet
1126 1725 1222 1755 Quam
1242 1716 1330 1756 mihi,
1353 1716 1473 1748 Laches.
1515 1718 1575 1748 866
1591 1717 1693 1748 Placet
1705 1726 1763 1748 non
1775 1718 1845 1756 fieri

195 1765 248 1795 hoc
268 1764 373 1795 itidem
393 1766 429 1795 ut
448 1765 481 1795 in
501 1764 667 1795 comoediis.

291 1812 412 1844 Heaut.
434 1813 494 1844 899
526 1812 567 1843 Ut
583 1821 620 1843 ne
634 1812 805 1851 paululum
826 1812 948 1851 quidem
969 1812 1100 1844 subolat
1121 1815 1177 1849 (sc,
1200 1812 1278 1843 mihi
1299 1812 1351 1844 vel
1372 1813 1521 1851 cuiquam
1545 1812 1609 1849 alii)
1630 1822 1691 1844 esee
1710 1814 1843 1844 amicam

195 1860 274 1891 hanc
297 1860 414 1892 Gliniae.

289 1908 385 1939 Annot.
409 1908 427 1938 1.
470 1907 670 1947 Quibusdam
692 1916 733 1939 ex
753 1907 861 1939 verbis
883 1909 917 1939 et
937 1907 1151 1939 locutionibus
1172 1907 1442 1946 impersonalibus
1464 1907 1561 1946 (decet,
1582 1910 1702 1948 oportet,
1723 1917 1840 1947 oequom

195 1957 245 1994 est,
277 1964 353 1995 <pus
377 1957 421 1986 eet
444 1956 517 1993 cet.)
539 1963 628 1995 saepe
649 1964 706 1994 pro
728 1955 826 1986 activi
846 1955 1004 1987 infinitivo
1025 1955 1172 1986 subiecto
1193 1955 1316 1986 diserte
1336 1955 1479 1987 indicato
1500 1958 1634 1988 carente
1655 1956 1777 1995 passivi
1797 1957 1841 1987 in·

194 2003 340 2034 finitivus
361 2002 555 2042 adiungitur,
578 2004 636 2034 aut
657 2003 746 2034 solus
766 2002 822 2034 inf.
844 2004 903 2033 aut
924 2002 1059 2039 (obiecto
1079 2002 1228 2033 infinitivi
1248 2003 1281 2033 in
1302 2003 1487 2033 subiectum
1501 2005 1668 2039 converso)
1683 2011 1749 2034 acc.
1764 2011 1838 2034 cum

194 2051 260 2084 int..
301 2050 423 2083 Nostra
443 2052 555 2083 autem
576 2050 686 2090 lingua
707 2051 755 2082 uti
776 2050 861 2083 solet
881 2050 986 2083 forma
1007 2050 1125 2082 activa.

290 2099 425 2138 Aliquot
454 2099 552 2130 huius
583 2099 827 2131 consuetudinis
858 2098 1007 2138 exempla.
1036 2099 1103 2130 iam
1128 2100 1206 2130 ante
1227 2099 1336 2130 videre
1356 2099 1457 2138 licuit,
1479 2099 1597 2138 quibus
1617 2107 1702 2131 nunc
1723 2099 1842 2131 addere

194 2154 381 2185 possumus.

289 2194 390 2227 Andr.
413 2195 472 2227 337
492 2195 566 2227 Nisi
586 2203 622 2226 ea
641 2203 710 2234 quae
729 2194 808 2226 nihil
828 2203 903 2234 opus
922 2189 995 2226 eunt
1016 2195 1094 2233 (obs.
1115 2193 1206 2233 plur.)
1227 2194 1309 2225 ectri.
1352 2193 1472 2226 Heaut.
1485 2195 1544 2226 562
1565 2194 1651 2225 Itane
1670 2194 1738 2232 fieri
1757 2202 1841 2234 opor-

195 2243 252 2273 tet?
292 2242 355 2274 Ad.
380 2244 441 2274 659
464 2243 536 2274 Non
560 2244 692 2282 <moriere
710 2242 781 2273 huic
801 2242 883 2274 dari.
925 2243 984 2274 955
1005 2242 1091 2273 Fieri
1111 2243 1230 2281 oportet.
1273 2243 1333 2273 976
1354 2242 1453 2273 Haud
1473 2243 1631 2273 dubiumst
1650 2243 1724 2280 quin
1744 2243 1841 2273 emitti

193 2299 311 2329 aequom
330 2290 394 2322 siet.

288 2339 383 2370 annot.
404 2340 431 2370 2.
473 2339 519 2370 De
540 2339 640 2370 Andr.
664 2340 722 2370 796
743 2338 909 2375 (dicmnwt)
932 2338 1005 2369 vide
1025 2346 1097 2377 pag.
1123 2338 1169 2368 10.
