2181 2783
856 602 1357 678 APPENDIX.

376 753 402 784 1.
444 753 582 792 Empses
603 752 754 784 infinitivi
776 752 871 784 valde
892 752 1080 792 frequentes
1102 754 1182 785 sunt
1203 753 1290 792 apud
1312 752 1391 792 Ten,
1413 753 1528 792 utpote
1549 752 1643 784 cuius
1659 752 1835 785 comoediae
1850 760 1939 792 saepe

276 809 309 840 in
337 817 488 841 somene
515 808 667 840 familiari
688 810 869 841 versentur.
913 809 994 840 Tum
1015 809 1069 840 inf.
1095 811 1154 841 aut
1175 817 1216 841 ex
1236 809 1452 849 praecedentis
1473 802 1648 840 sententiae
1669 809 1769 840 verbo
1788 810 1934 848 repeten-

277 864 339 896 dus
371 866 425 897 est
456 866 515 897 aut
546 865 744 904 cogitatione
775 865 990 904 supplendus:
1022 867 1060 897 ut
1091 865 1153 896 Ad.
1180 865 1241 897 656
1261 864 1360 904 “Quid
1380 864 1453 897 illas
1474 863 1628 897 censes?“
1650 864 1705 896 ubi
1725 872 1767 896 ex
1787 863 1936 897 eiusdem

275 928 393 952 versus
414 921 513 953 verbo
533 920 658 953 “aiunffl
679 921 895 960 repetendum
916 923 969 953 est
991 921 1130 953 dicere.
1172 920 1280 952 Huius
1301 921 1349 953 rei
1370 920 1527 960 exempla,
1550 928 1623 959 quae
1643 919 1750 952 multa
1768 920 1938 959 habemus,

276 977 311 1008 et
331 976 383 1008 his
404 977 485 1008 sunt
504 976 585 1008 locis
607 977 642 1008 et
662 976 789 1016 passim
811 976 895 1008 alibi.

372 1031 474 1063 Andr.
509 1033 548 1063 29
579 1031 695 1062 Paucis
727 1034 754 1062 te
784 1032 855 1062 uolo
886 1032 1070 1071 (alloqui).
1122 1033 1182 1064 853
1217 1031 1302 1068 Quid
1331 1031 1424 1062 illum
1444 1041 1544 1062 censes
1567 1031 1736 1069 (facere).
1777 1031 1857 1062 Eun.
1882 1031 1939 1062 183

276 1078 409 1110 Fidibus
429 1079 507 1110 scire
528 1081 707 1118 (canere).
750 1080 810 1112 957
830 1079 927 1110 Nunc
947 1080 1091 1110 minatur
1106 1089 1203 1120 porro
1222 1089 1285 1110 sese
1306 1079 1516 1117 (facturum
1537 1080 1639 1115 esse)
1660 1078 1695 1108 id
1714 1078 1796 1118 quod
1807 1077 1939 1109 moechis

275 1127 349 1158 solet
380 1128 502 1166 (fieri).
551 1128 679 1160 Phorm.
714 1129 772 1160 113
802 1127 868 1158 Illa
897 1128 982 1158 enim
1012 1138 1044 1159 se
1070 1130 1161 1168 neyat
1190 1128 1330 1167 (copiam
1355 1127 1549 1159 facturam
1569 1128 1682 1163 esse).
1725 1127 1784 1158 196
1803 1125 1876 1166 Ipse
1894 1128 1939 1157 est

275 1185 366 1215 quem
386 1175 477 1206 uolui
496 1175 623 1206 obuiam
644 1176 733 1214 (mihi
754 1176 830 1212 ire).
872 1176 935 1207 Ad.
957 1177 1017 1207 274
1038 1184 1087 1215 sq.
1111 1175 1187 1206 Tam
1201 1175 1238 1206 ob
1256 1175 1423 1216 parvolam
1436 1184 1502 1205 rem
1511 1185 1603 1215 poene
1617 1185 1633 1205 e
1642 1174 1752 1215 patria
1766 1174 1938 1214 (fugere)!

276 1224 336 1255 264
365 1222 458 1254 Nihil
482 1225 555 1264 pote
584 1233 684 1264 supra
715 1227 819 1262 (esse
849 1224 902 1256 vel
933 1224 1033 1261 dici).
1080 1225 1140 1256 568
1161 1223 1234 1254 Non
1250 1223 1357 1264 potuit
1377 1223 1490 1254 melius
1515 1223 1684 1261 (facere).
1727 1223 1785 1254 732
1806 1221 1939 1253 Istocine

270 1273 363 1311 pacto
383 1273 500 1311 oportet
521 1271 622 1309 (fieri
644 1271 696 1303 vel
716 1273 756 1303 te
776 1271 930 1308 facere).
973 1273 1033 1303 454
1054 1271 1129 1302 Nisi
1147 1271 1264 1311 facient
1284 1281 1355 1311 quae
1375 1271 1445 1302 illos
1465 1273 1614 1311 aequomst
1635 1270 1804 1308 (facere).

371 1360 400 1391 2.
441 1359 559 1391 Itidem
590 1360 727 1391 verbum
757 1359 895 1399 finitum,
927 1369 945 1392 e
967 1368 1030 1399 quo
1050 1360 1230 1392 infinitivus
1252 1359 1382 1400 pendet,
1404 1368 1494 1399 saepe
1514 1359 1685 1391 omittitur.
1726 1358 1882 1398 Exempla
1904 1358 1938 1390 hi

276 1416 377 1453 atque
398 1414 451 1446 alii
472 1414 568 1446 multi
588 1414 650 1446 loci
669 1415 827 1454 praebent.

371 1470 434 1502 Ad.
466 1471 526 1502 432
557 1470 694 1501 Mentem
723 1469 813 1501 uobis
843 1470 1000 1502 meliorem
1030 1471 1101 1502 dari
1128 1471 1241 1511 (volo,
1274 1470 1360 1510 quod
1387 1470 1482 1502 facile
1503 1478 1521 1502 e
1542 1469 1746 1510 praecedente
1767 1470 1865 1502 verbo
1885 1469 1937 1501 uis

275 1519 344 1550 erui
375 1520 507 1557 potest).
559 1520 620 1550 949
655 1517 739 1555 Quid
766 1518 866 1557 facere
898 1519 1038 1558 (decet;
1070 1528 1100 1550 v.
1132 1520 1193 1550 948
1224 1521 1307 1550 extr.
1336 1519 1424 1550 idem
1444 1519 1580 1550 verbum
1600 1518 1737 1557 legitur).
1778 1518 1936 1557 Zeugma:

274 1566 376 1598 Andr.
407 1566 468 1598 624
498 1565 643 1606 Namque
672 1565 728 1597 hoc
759 1568 880 1606 tempus
906 1575 1084 1607 proeoauere
1114 1566 1196 1597 mihi
1225 1575 1282 1606 me,
1313 1565 1399 1597 haud
1429 1567 1456 1596 te
1476 1565 1586 1596 alcia-2·
1604 1564 1682 1595 sinit
1703 1568 1937 1605 (praecauere

274 1614 397 1653 pendet
418 1623 459 1646 ex
479 1614 588 1646 iubet
608 1614 660 1646 vel
681 1614 796 1654 cogit,
818 1614 903 1653 quod
925 1616 978 1647 est
999 1623 1017 1647 e
1038 1615 1134 1647 sinit
1155 1614 1355 1651 eruendum).

371 1702 400 1734 3.
444 1701 630 1739 Quotidiani
661 1702 822 1734 sermonis
854 1702 914 1734 hoc
945 1703 1111 1742 proprium
1137 1704 1199 1743 est,
1221 1701 1307 1741 quod
1329 1701 1544 1742 paratactioa,
1566 1708 1639 1740 quae
1661 1700 1787 1741 dicitur,
1809 1702 1936 1734 senten-

275 1757 397 1788 tiamm
425 1757 609 1789 coniunctio
631 1765 857 1796 saepenumero
878 1759 1057 1797 usurpatur
1077 1766 1135 1797 pro
1156 1757 1376 1797 hyponactica,
1398 1756 1431 1787 id
1453 1756 1539 1794 quod
1559 1758 1672 1787 tamen
1694 1764 1759 1794 qua
1779 1757 1833 1787 est
1853 1762 1936 1788 com-

263 1813 434 1847 moditate
466 1813 553 1853 apud
584 1813 762 1853 scriptores
794 1821 930 1853 quoque,
962 1814 1104 1846 maxime
1130 1814 1256 1846 scilicet
1276 1812 1364 1853 apud
1385 1812 1569 1844 fabularum
1589 1812 1765 1852 scriptores
1791 1811 1936 1852 aliosque

275 1868 331 1907 qui
358 1876 544 1900 sermonem
566 1854 794 1907 quotidianum
814 1869 955 1913 multum
975 1869 1156 1909 imitantur,
1178 1869 1367 1908 frequenter
1386 1867 1559 1899 invenitur.
1601 1867 1767 1899 Eiusmodi
1787 1867 1937 1907 exempla

275 1926 310 1956 et
330 1924 382 1956 his
402 1924 587 1957 invenimus
608 1924 689 1956 locis
710 1926 746 1956 et
767 1924 853 1956 aliis:

370 1980 451 2012 Eun.
473 1981 513 2012 56
533 1988 604 2019 sqq.
626 1979 737 2011 Etiam
757 1982 849 2020 atque
868 1980 961 2011 etiam
979 1981 1084 2021 ooyita,
1098 1990 1154 2020 ere,
1169 1989 1240 2021 quoe
1252 1989 1303 2011 res
1316 1979 1353 2010 in
1365 1989 1398 2010 se
1410 1989 1508 2019 mque
1520 1978 1686 2010 consilium
1699 1988 1796 2019 mque
1809 1979 1935 2010 modum

273 2027 362 2058 habet
381 2027 494 2068 ullum,
515 2037 583 2058 eam
603 2028 732 2059 consilii>
753 2037 851 2068 reyere
871 2037 936 2059 non
956 2030 1078 2068 potes.
1125 2029 1185 2060 713
1205 2036 1254 2067 sq.
1276 2027 1351 2058 Nem
1370 2029 1503 2067 potest
1522 2026 1590 2057 sine
1610 2026 1692 2057 malo
1712 2026 1814 2066 fateri,
1834 2026 1932 2057 uideo.

274 2075 395 2108 Heaut.
427 2077 488 2108 588
517 2076 608 2107 Recte
639 2076 747 2116 dicit,
779 2085 890 2107 censeo.
940 2077 1003 2108 Ad.
1026 2078 1065 2108 79
1086 2085 1134 2116 sq.
1157 2075 1252 2107 Credo
1272 2075 1347 2113 iam,
1367 2077 1404 2105 ut
1423 2074 1505 2114 solet,
1526 2075 1706 2114 iurgabit.
1747 2074 1819 2107 Hoc
1839 2075 1935 2107 modo

273 2124 433 2163 imprimis
454 2124 556 2156 verba
576 2124 739 2156 sentiendi
761 2132 836 2156 cum
857 2124 1031 2156 sententiis
1052 2124 1215 2164 primariis
1237 2123 1484 2162 coniunguntur.

369 2187 466 2219 annot.
490 2188 509 2219 1.
551 2187 697 2220 Verbum
722 2187 884 2220 sentiendi
909 2188 961 2220 vel
986 2188 1113 2220 dicendi
1138 2194 1384 2225 nonnumquam
1410 2184 1602 2225 παρενὸέτως
1627 2186 1790 2219 inseritur.
1841 2186 1932 2219 Satis

274 2243 336 2276 erit
356 2243 428 2275 haeo
449 2243 599 2284 exempla
620 2243 783 2276 attulisse.

370 2300 432 2332 Ad.
457 2301 513 2332 101
535 2309 584 2340 sq.
613 2299 686 2331 Non
707 2302 751 2331 est
770 2300 937 2341 flaqitium,
957 2300 1038 2332 mihi
1057 2300 1149 2339 erede,
1162 2299 1427 2331 adulescentulum
1440 2299 1572 2330 scortari
1591 2299 1692 2338 (mihi
1714 2299 1827 2332 crede
1847 2299 1934 2332 idem

274 2348 341 2380 fere
362 2348 551 2387 significans
573 2349 659 2387 quod
679 2349 875 2388 profecto).
919 2349 1047 2381 Phorm.
1070 2350 1130 2380 494
1157 2347 1247 2378 Crede
1260 2347 1348 2386 mihi,
1359 2347 1506 2387 qaudebis
1518 2347 1600 2387 facto
1615 2348 1694 2386 (obs.
1710 2347 1824 2380 crede
1842 2347 1934 2379 mihi
