2181 2783
1024 164 1176 195 ..12-

262 245 334 265 nem
363 245 493 266 causam
523 245 613 266 orare
643 235 719 276 Ieyes
749 245 814 267 non
845 235 967 267 sinunt.
1012 237 1091 269 Hec.
1116 238 1156 269 46
1175 245 1225 277 sq.
1259 236 1361 268 Nolite
1380 236 1482 268 sinere
1498 246 1557 277 per
1576 245 1634 267 uos
1653 239 1752 268 artem
1772 237 1927 269 musicam

262 283 392 314 recidere
421 283 464 314 ad
489 293 618 324 paucos.
672 286 713 316 52
741 284 844 315 Sinite
863 284 1031 325 impetrare
1050 295 1107 316 me.
1151 286 1212 318 600
1234 285 1311 316 Sine
1329 294 1379 316 me
1398 285 1517 317 obsecro
1536 284 1592 316 hoe
1611 284 1751 325 effuyere.
1794 286 1855 318 852
1874 294 1925 325 sq.

262 330 353 370 Eyon
384 331 442 370 qui
470 331 510 361 ab
540 341 609 362 orco
641 334 796 362 mortuom
821 341 870 362 me
889 332 1028 363 reducem
1048 333 1085 363 in
1106 333 1204 363 lucem
1223 332 1332 372 feceris
1350 332 1458 364 sinam
1476 332 1545 364 sine
1564 341 1694 364 munere
1712 342 1733 364 a
1752 341 1802 364 me
1819 332 1926 364 abin?

261 378 324 410 Ad.
350 379 409 410 104
429 378 503 409 Non
523 379 579 409 siit
598 381 713 419 eyestas
732 378 833 419 facere
852 389 918 410 nos.
963 380 1022 412 107
1044 388 1093 419 sq.
1115 379 1161 411 Et
1180 381 1217 411 tu
1236 380 1330 411 illum
1351 382 1446 421 tuom,
1463 380 1494 411 si
1505 390 1584 412 esses
1597 380 1696 419 homo,
1710 379 1827 411 sineres
1839 389 1928 411 nunc

261 426 369 466 faeere.
414 428 474 458 377
510 426 672 467 Gonyrum
693 427 792 457 istum
812 427 990 458 maximum
1010 428 1047 458 in
1067 437 1151 467 aqua
1170 427 1267 458 sinito
1288 427 1398 459 ludere.
1442 429 1502 461 395
1523 437 1572 468 sq.
1595 428 1720 459 Sineres
1739 437 1813 459 uero
1833 427 1927 459 illum

263 476 298 504 tu
320 476 405 505 tuom
427 474 528 515 faeere
549 474 634 505 haee?

358 523 455 554 annot.
497 522 668 555 Nonnullis
689 523 769 555 locis
791 523 940 562 sequitur
960 524 1002 555 ut
1024 525 1091 561 (ne)
1113 531 1188 555 cum
1209 524 1424 556 coniunctivo.
1468 524 1567 564 Apud
1588 524 1800 564 imperativos
1822 523 1925 564 iube,

263 571 351 602 sine
372 570 463 602 solus
485 571 713 615 coniunctivus
734 579 824 610 saepe
846 572 959 602 exstat
980 573 1018 602 ut
1038 571 1199 610 particula
1220 571 1354 603 omissa.

359 619 461 650 Andr.
484 619 545 651 654
573 618 736 649 Suseenset
756 628 811 649 nee
832 620 859 649 te
879 618 985 658 quiuit
1005 618 1093 650 hodie
1114 627 1228 658 cogere
1248 618 1338 650 illam
1358 621 1395 650 ut
1415 619 1547 650 duceres.
1591 619 1670 652 Hec.
1695 620 1754 652 268
1783 619 1824 651 Ui
1842 618 1927 660 coepi

262 676 362 706 coyere
383 669 418 696 ut
439 667 559 697 rediret.
603 668 661 698 571
678 667 817 697 Puerum
833 669 868 696 ut
883 667 988 696 tollam
1001 667 1089 706 eoyit.
1123 668 1183 698 674
1202 667 1289 707 (hyis
1302 677 1338 697 ea
1351 677 1422 707 quae
1436 667 1507 697 nolo
1522 670 1558 697 ut
1569 670 1723 707 praesente
1736 668 1791 698 hoc
1805 668 1923 707 loquar.

264 715 322 746 787
348 714 422 755 Coqe
442 716 479 745 ut
499 715 633 745 credant.
678 715 741 746 Ad.
764 715 822 747 851
849 714 961 755 Coqam
983 717 1018 745 ut
1039 724 1111 746 eum
1132 715 1188 745 illa
1209 725 1276 746 una
1295 715 1391 746 cubet.

359 763 422 794 Ad.
446 764 487 795 54
507 762 558 794 Ea
578 773 617 794 ne
638 773 687 794 me
706 763 778 794 celet
798 763 983 795 consuefeci
1003 763 1120 803 filium.

360 811 440 842 Eun.
464 812 524 842 578
544 810 630 841 Mihi
650 821 688 841 ne
708 811 868 841 abscedam
888 812 1037 850 imperat.

360 858 439 889 Eun.
463 859 524 890 808
545 866 594 897 sq.
620 858 690 888 Pan
711 867 759 889 me
779 858 962 899 prohibeas,
985 867 1085 889 meam
1106 867 1144 889 ne
1165 859 1313 899 tanqam?

360 907 439 939 Heo.
464 908 524 938 590
545 915 594 946 sq.
628 906 727 937 Haud
755 906 851 947 facies
881 917 978 946 neque
1002 907 1111 939 sinam
1136 909 1172 937 ut
1192 907 1249 947 qui
1269 901 1366 946 nobis,
1387 908 1494 945 mater,
1514 906 1594 937 male
1614 906 1733 937 dietum
1753 906 1837 946 uelit,
1859 916 1926 937 mea

258 954 435 994 pertinacia
455 964 518 984 esse
537 954 620 984 dicat
639 954 769 993 factum.
813 955 915 985 Andr.
941 955 999 986 188
1021 954 1096 985 Siai
1115 955 1262 985 animum
1282 957 1318 985 ut
1339 954 1470 994 expleret
1488 963 1588 984 suom.
1617 971 1648 976 —

359 1002 439 1034 Eun.
463 1003 521 1034 691
545 1010 593 1042 sq.
630 1002 710 1034 Iube
740 1002 821 1033 mihi
850 1002 951 1033 denuo
978 1002 1167 1043 respondeat.
1211 1002 1332 1035 Heaut.
1357 1003 1415 1034 737
1436 1001 1512 1033 Iube
1532 1003 1665 1032 maneat.
1708 1001 1771 1033 Ad.
1794 1002 1855 1033 914
1875 1009 1924 1041 sq.

263 1050 338 1081 Iube
359 1050 511 1081 nunciam
532 1051 708 1081 dinumeret
728 1050 780 1081 ille
801 1050 921 1090 Babylo
941 1050 1060 1090 uiyinti
1079 1050 1194 1081 minas.

359 1098 461 1130 Andr.
485 1099 545 1130 622
576 1098 653 1130 Sine
679 1098 852 1138 paulutum
882 1098 924 1129 ad
952 1108 1001 1129 me
1027 1099 1156 1129 redeam.
1205 1100 1266 1131 900
1292 1098 1369 1129 Sine
1390 1109 1438 1129 me
1458 1107 1624 1138 expurgem
1643 1099 1735 1137 atque
1755 1097 1847 1128 illum
1868 1097 1927 1128 huc

262 1156 365 1177 eoram
397 1147 559 1178 adducam.
603 1148 661 1178 901
687 1146 763 1177 Sine
784 1149 811 1177 te
831 1147 886 1178 hoc
905 1157 1035 1178 exorem.
1078 1148 1158 1179 Eun.
1185 1148 1243 1179 185
1264 1147 1331 1178 Hoc
1351 1147 1440 1178 modo
1460 1147 1528 1178 sine
1549 1149 1576 1177 te
1595 1155 1725 1177 emorem.
1769 1147 1829 1178 283
1852 1146 1928 1177 Sine

263 1195 389 1226 ln'duom
419 1195 475 1226 hoe
500 1197 673 1235 praetereat.
729 1196 788 1227 739
821 1195 897 1226 Sine
921 1195 1037 1226 ueniat.
1092 1196 1213 1228 Heaut.
1239 1196 1319 1227 1050
1341 1195 1416 1225 Sine
1437 1197 1464 1225 te
1484 1197 1616 1225 exorent.
1660 1194 1739 1226 Hec.
1765 1195 1803 1225 10
1825 1193 1927 1225 Sinite

261 1245 403 1274 exorator
422 1243 494 1274 sim.
539 1244 599 1274 744
621 1242 698 1273 Sine
717 1243 829 1274 dicam

360 1291 495 1323 Duobus
515 1291 595 1323 locis
618 1292 754 1323 verbum
775 1291 903 1323 sinendi
923 1292 1041 1331 legitur
1062 1292 1132 1324 solo
1154 1292 1359 1324 coniunctivo
1381 1291 1599 1331 praecedente:
1626 1290 1727 1322 Andr.
1751 1291 1811 1322 895
1833 1290 1927 1321 Dicat

262 1339 344 1371 sino.
388 1339 516 1372 Phorm.
540 1339 601 1370 515
622 1338 738 1370 Exoret
758 1339 839 1371 sine.

746 1509 790 1568 C.
864 1509 1206 1568 Infinitivus
1242 1508 1451 1567 finalis

361 1644 428 1675 Sub
460 1644 520 1675 hoc
552 1642 683 1675 nomine
715 1651 790 1674 eum
811 1642 1009 1674 infinitivum
1030 1643 1189 1683 tractabo,
1212 1643 1267 1682 qui
1292 1642 1401 1674 verbis
1422 1643 1550 1674 motum
1571 1641 1830 1681 significantibus
1853 1642 1926 1673 sub—

263 1692 369 1724 iectus
392 1700 455 1731 quo
477 1691 611 1723 consilio
632 1699 686 1723 res
708 1690 768 1722 fiat
789 1690 842 1723 vel
862 1691 961 1723 finem
990 1691 1193 1731 propositum
1216 1691 1346 1723 indicet.
1395 1690 1473 1731 Ipsa
1497 1690 1574 1722 licet
1599 1689 1751 1722 infinitivi
1775 1690 1927 1722 natura¹)

263 1740 450 1778 principalis
483 1740 525 1770 ad
557 1739 643 1770 hunc
674 1747 773 1769 usum
801 1739 1042 1770 instituendum
1067 1739 1272 1777 aliquantum
1293 1739 1442 1778 valuerit,
1464 1740 1577 1770 tamon
1599 1738 1711 1776 negari
1731 1746 1796 1769 non
1816 1740 1928 1776 potest

265 1787 415 1820 Graecam
434 1787 584 1827 linguam
604 1786 657 1818 hic
679 1794 807 1826 quoque
828 1787 867 1818 ut
888 1786 970 1819 alias
992 1795 1081 1827 saepe
1103 1786 1251 1827 exemplo
1272 1786 1386 1832 inisse.

360 1837 425 1868 Sed
457 1837 499 1868 ad
531 1836 616 1867 hanc
647 1836 815 1867 notionem
842 1835 1050 1867 indicandam
1071 1836 1140 1867 Ter.
1165 1836 1267 1868 etiam
1289 1836 1370 1867 alias
1391 1835 1572 1867 locutiones
1594 1835 1736 1874 adhibet,
1758 1843 1831 1873 quae
1852 1835 1927 1867 scri-

263 1884 359 1916 bendi
381 1892 502 1923 genera
522 1883 617 1922 longe
638 1883 861 1914 usitatissima
881 1884 961 1914 sunt
975 1883 1062 1922 apud
1077 1883 1179 1915 bonos
1194 1883 1371 1922 scn‘ptores
1387 1883 1544 1914 orationis
1559 1882 1685 1914 solutae.
1719 1881 1824 1921 Vulgo
1841 1883 1927 1914 enim

263 1942 322 1973 pro
349 1933 404 1964 inf.
435 1934 587 1964 utuntur:
621 1933 651 1968 a)
673 1933 717 1963 ut
737 1933 897 1970 sequente
919 1932 1133 1972 coniunctim,
1165 1932 1196 1968 b)
1212 1940 1290 1971 sup.
1313 1931 1348 1963 in
1369 1939 1444 1963 -um
1466 1930 1614 1970 cadente,
1643 1931 1671 1967 c)
1694 1930 1740 1962 ad
1761 1939 1836 1962 cum
1858 1939 1924 1963 acc.

264 1989 337 2020 ger..
380 1981 479 2020 Apud
511 1981 580 2012 Ter.
605 1980 737 2018 quidem
768 1979 948 2011 infinitivus
974 1988 1154 2018 numquam
1176 1980 1239 2011 nisi
1260 1988 1278 2011 e
1298 1979 1409 2011 verbis
1432 1987 1505 2017 quae
1526 1979 1605 2010 sunt
1626 1978 1787 2017 (intr0)ire,
1807 1978 1928 2009 mittere

264 2031 364 2069 aptus
386 2030 508 2061 exstat.

359 2078 487 2109 Phorm.
513 2077 571 2108 102
600 2075 738 2107 Uoltisne
759 2084 874 2107 eamus
896 2076 1014 2107 uisere?
1047 2076 1126 2108 Hec.
1152 2076 1210 2107 188
1231 2084 1280 2114 sq.
1306 2074 1419 2105 Nostra
1440 2074 1511 2104 ilico
1531 2074 1557 2104 it
1576 2074 1676 2104 uisere
1695 2074 1738 2104 ad
1755 2083 1832 2105 eam.
1868 2076 1928 2106 345

266 2124 345 2156 Pam
376 2124 467 2165 filius
496 2126 565 2155 tuos
589 2124 674 2155 intro
694 2123 734 2154 iit
754 2123 859 2154 uidere
909 2124 1116 2164 [Supinumt
1145 2124 1224 2156 Eun.
1248 2123 1308 2155 892
1330 2121 1493 2153 Nutricem
1513 2121 1694 2153 arcessitum
1715 2121 1762 2153 iit.
1804 2121 1924 2154 Heaut.

264 2175 333 2213 315,
355 2174 430 2213 655;
451 2174 580 2205 Phorm.
605 2174 674 2213 462,
695 2173 755 2204 837
778 2181 839 2212 sq.;
861 2172 940 2205 Hec.
966 2174 1004 2205 76
1025 2175 1087 2212 sq]
1704 2213 1709 2220 Ι

360 2222 431 2253 Eun
452 2222 513 2253 528
532 2221 622 2252 Misit
639 2230 735 2261 porro
756 2229 845 2250 orare
865 2223 901 2250 ut
921 2221 1069 2251 uenirem.
1112 2221 1177 2259 [Cfr
1198 2220 1278 2251 Eun.
1303 2220 1360 2250 441
1384 2227 1432 2258 sq.
1457 2218 1638 2249 Phaedriam
1659 2219 1743 2249 intro
1764 2218 1928 2249 mittamus

263 2270 511 2302 commissatum.
556 2269 636 2302 Hoc.
661 2270 721 2302 342
743 2268 790 2300 Ne
810 2269 918 2300 mittas
939 2269 1063 2309 quidem
1083 2268 1209 2300 uisendi
1230 2269 1353 2305 causa]

368 2385 387 2417 ¹)
406 2383 476 2410 Vide
495 2383 635 2410 Sehmalz.:
655 2384 668 2416 ξ
687 2383 746 2409 218.
