2181 2783
974 137 1125 168 -19-

317 210 438 243 Heaut.
462 210 521 242 159
541 218 590 249 sq.
611 209 709 242 Illum
731 209 784 240 tibi
803 209 925 241 saluom
945 209 1133 250 adfiaettaerum
1152 218 1214 241 esse
1233 210 1282 241 hu·
1301 210 1426 242 confido
1442 211 1629 250 prmum.
1671 212 1732 243 Ad.
1747 213 1808 244 826
1823 221 1870 252 sq.

227 258 268 290 Ut
285 258 439 297 confidam
457 258 523 298 fore
541 258 588 289 ita
606 259 644 289 ut
661 257 815 289 uolumus.

317 305 438 338 Heaut.
461 305 540 337 1017
560 305 670 337 Metuis
689 313 726 336 ne
745 313 813 344 non,
834 313 906 336 cwm
925 305 1011 344 uelis,
1033 306 1209 338 conuinoas
1229 314 1291 337 esee
1310 306 1403 337 illum
1424 307 1528 337 mom?

317 353 418 386 Andr.
443 352 499 386 161
521 360 571 392 sq.
601 352 695 393 Quem
714 361 766 393 eqo
785 352 881 386 oredo
900 353 1046 385 manibus
1059 353 1248 394 pedibwque
1268 354 1375 385 obnixe
1393 354 1499 386 omnia
1518 355 1685 394 facturum.
1728 356 1768 387 Et
1788 355 1871 388 alias

222 410 321 442 saepe.
802 426 804 430 .

317 448 437 481 Heaut.
455 449 513 480 147
534 456 605 487 sqq.
625 448 761 480 Decreui
783 448 931 488 &tntisper
949 457 999 480 me
1019 449 1125 480 minus
1145 449 1279 487 inimice,
1305 449 1453 487 Chremee,
1475 458 1540 481 meo
1557 452 1649 489 ynato
1667 452 1772 490 faeere,
1793 451 1871 482 dum

220 498 299 537 fiam
328 496 432 536 miser,
463 504 516 528 nec
534 496 586 537 fae
605 504 667 528 esse
686 496 753 528 ulla
773 504 822 528 me
841 496 994 537 uoluptate
1013 497 1062 528 hic
1081 497 1148 537 fini
1168 496 1309 535 (decreui
1329 509 1374 525 =
1394 497 1544 537 iudicavi,
1566 498 1770 538 existimavi).
1811 500 1877 531 940·

220 546 289 578 Duo
310 545 423 577 talem
436 553 500 585 pro
518 553 553 576 re
572 546 678 577 nostra
698 553 749 586 eqo
768 553 830 577 esee
849 545 968 577 deoreui
987 546 1073 577 eatis.
1115 545 1194 578 Hoc.
1218 546 1276 577 148
1297 553 1346 585 sq.
1370 546 1470 585 Quam
1490 546 1638 578 decrerim
1658 547 1871 588 (⁸0fvertygat

221 593 288 633 mig
318 592 397 633 0m“;
428 593 603 626 statuerim
633 595 668 626 et
693 593 868 634 defixen‘m,
889 593 1048 630 Donatus)
1069 602 1118 625 me
1136 602 1197 637 non
1210 603 1301 633 posse
1321 594 1439 626 diutius
1459 595 1575 627 habere.
1618 596 1676 626 542
1702 595 1816 627 Uerum
1836 596 1871 627 id

221 642 334 674 uitimn
354 650 527 681 numquam
548 641 667 673 dec-rem·
687 650 749 673 esse
768 651 819 681 eyo
839 642 1057 674 adulescentia.

318 690 380 722 Ad.
403 690 442 721 15
462 698 511 729 sq.
533 689 594 720 Isti
613 690 726 722 dicunt
746 690 892 721 makmli
909 690 1049 721 homines
1068 690 1182 721 nobilis
1201 700 1274 720 eum
1293 690 1436 721 adiutare
1454 690 1640 731 adsidueque
1653 701 1719 722 una
1731 691 1867 723 scribere.

221 737 290 770 cet.
322 746 371 769 ex.
401 738 526 770 omitto.
563 755 593 760 -
629 738 749 770 Heaut.
775 739 815 769 22
840 746 888 778 sq.
920 737 1014 769 Poeta
1035 738 1166 770 dictitat
1185 741 1307 779 repente
1326 738 1368 769 ad
1386 738 1528 769 studium
1548 739 1632 770 hunc
1651 749 1682 770 se
1701 739 1870 780 applicasse

220 785 385 816 musicum.
428 785 555 818 Phorm.
578 787 637 818 742
657 794 707 825 sq.
727 785 801 817 Non
820 785 938 817 obsecro
958 796 997 826 es,
1018 796 1108 826 quem
1127 795 1246 826 semper
1267 788 1294 816 te
1307 796 1368 816 esse
1382 786 1552 817 dictitasti?
1565 805 1605 809 -
1617 787 1695 818 Eun.
1711 788 1770 819 962
1784 787 1870 826 Dico,

220 833 311 865 edico
330 832 420 864 uobis
439 835 583 913 mggmm
600 843 663 864 esse
681 833 774 864 illum
794 833 899 864 erilem
918 833 1034 874 filium.
1058 852 1098 856 —
1120 834 1221 865 Andr.
1244 835 1305 865 840
1332 833 1372 864 Id
1395 834 1468 873 (eas)
1492 834 1654 874 facturas.
1673 859 1680 865 .
1699 859 1706 865 .
1722 836 1870 874 praedixit

219 881 301 912 mihi
320 882 361 920 (v.
382 889 455 921 pag.
517 882 537 921 ).

315 929 436 962 Heaut.
467 930 528 962 836
562 929 646 967 Quas
672 940 733 970 pro
763 930 921 961 alimentis
950 940 1013 961 esse
1042 939 1129 960 nune
1159 930 1241 962 duco
1272 930 1369 961 datas.
1420 930 1499 962 Hoc.
1521 931 1581 962 343
1602 930 1688 961 E'um
1708 931 1754 962 bis
1772 931 1869 972 faeere

219 977 312 1009 stulte
331 977 418 1009 duoo.

315 1025 395 1057 Eun.
417 1026 437 1057 4
457 1034 506 1065 sq.
527 1025 656 1057 Dictum
676 1026 713 1057 in
732 1036 764 1057 se
783 1026 998 1057 inclementius
1012 1027 1215 1059 existimauit
1228 1036 1299 1057 esse.
1345 1027 1416 1066 758;
1431 1027 1551 1059 Heaut.
1566 1028 1586 1058 8
1602 1035 1661 1067 sq„
1676 1029 1728 1067 30;
1744 1028 1867 1061 Phorm.

220 1074 293 1113 3693
315 1073 394 1106 Hoc.
416 1074 490 1114 6043
510 1074 573 1106 Ad.
596 1074 634 1106 12
655 1082 736 1115 sqq„
760 1074 807 1107 17.

315 1121 436 1154 Heaut.
457 1123 495 1154 31
518 1131 567 1162 sq.
593 1121 656 1159 Qui
674 1132 776 1163 nuper
795 1122 874 1155 fecit
893 1132 982 1153 seruo
1003 1123 1142 1153 currenti
1161 1122 1197 1153 in
1218 1122 1275 1160 uia
1294 1123 1407 1153 deoesse
1422 1123 1587 1163 populum.

315 1170 416 1202 Andr.
440 1171 501 1202 896
530 1170 597 1210 E'yo
621 1180 670 1201 me
689 1180 795 1201 amare
815 1171 896 1201 hanc
915 1171 1029 1203 fateor.
1070 1171 1150 1202 Eun.
1171 1172 1231 1202 863
1253 1171 1431 1201 Praesmim
1451 1180 1523 1201 eum
1542 1181 1574 1201 se
1593 1181 1715 1202 seruam
1735 1172 1869 1211 fateatur

221 1218 315 1248 tuom.
358 1217 420 1250 Ad.
442 1218 502 1250 629
533 1217 609 1248 Haec
638 1218 711 1249 adeo
741 1227 809 1248 mea
835 1218 927 1258 culpa
947 1217 1046 1258 fateor
1065 1218 1145 1258 sieri.
1190 1218 1268 1250 Hec.
1290 1219 1358 1250 828.
1386 1236 1416 1240 —
1440 1218 1541 1250 Andr.
1562 1220 1622 1250 607
1643 1227 1692 1258 sq.
1713 1219 1778 1249 Hoc
1797 1228 1867 1251 con-

219 1264 313 1296 fiteor
333 1265 402 1296 iure
422 1265 503 1296 mihi
521 1265 672 1306 optiyisse.
716 1266 837 1298 Heaut.
858 1267 919 1298 338
943 1265 1031 1302 Quod
1049 1266 1138 1297 ambo
1158 1266 1372 1306 confiteamini
1390 1266 1458 1296 sine
1474 1267 1590 1306 periclo
1607 1276 1677 1297 esse.

315 1313 416 1345 Andr.
449 1314 510 1345 220
539 1322 588 1352 sq.
619 1313 760 1354 Fingunt
790 1313 948 1354 quandam
979 1314 1062 1344 inter
1090 1324 1122 1344 se
1141 1324 1228 1344 nuno
1246 1314 1414 1354 falbwiam,
1435 1314 1535 1344 ciuem
1555 1314 1689 1345 Atticam
1710 1324 1770 1345 esse
1790 1315 1868 1346 hane

220 1363 261 1398 (v.
282 1369 355 1401 pag.
378 1362 437 1399 29).

315 1409 395 1441 Eun.
416 1410 456 1441 53
477 1417 525 1448 sq.
546 1410 698 1441 indicans
720 1411 747 1440 te
766 1419 872 1440 amare
891 1412 920 1440 et
938 1410 1020 1449 ferre
1039 1420 1104 1440 non
1119 1419 1218 1449 posse.
1262 1410 1341 1442 Hec.
1363 1411 1423 1442 395
1448 1410 1537 1446 Quod
1557 1413 1584 1440 te
1603 1411 1680 1441 seire
1700 1411 1768 1450 ipsa
1787 1411 1865 1442 indi-

218 1458 268 1487 cat
297 1466 354 1488 res.
407 1457 469 1490 Ad.
491 1458 551 1489 338
581 1455 679 1488 Illum
699 1457 800 1488 alieno
820 1457 926 1488 ani-mo
946 1467 967 1488 a
986 1457 1075 1489 nobis
1095 1467 1157 1489 esse
1176 1467 1225 1488 res
1244 1457 1314 1498 ipm
1334 1457 1461 1489 indieat.
1490 1475 1520 1481 —
1544 1458 1671 1490 Phorm.
1694 1459 1751 1490 725
1772 1458 1817 1490 Ne
1835 1469 1867 1489 se

219 1503 344 1534 eiectam
364 1505 528 1544 praedicet.

314 1552 416 1584 Andr.
439 1553 497 1584 147
517 1551 576 1583 Ille
595 1553 700 1584 instat
720 1552 849 1592 factum.

315 1600 417 1632 Andr.
439 1601 458 1632 4
495 1600 610 1631 Uerum
634 1600 724 1631 aliter
743 1600 866 1631 euenire
885 1600 984 1632 multo
1003 1601 1171 1640 intellegit.
1213 1602 1286 1640 5ΟΟ;
1307 1600 1428 1633 Heaut.
1451 1601 1519 1639 412,
1541 1601 1600 1633 843
1621 1609 1680 1640 sq.;
1701 1601 1824 1633 Phorm.
1846 1603 1866 1633 9

219 1656 279 1688 sq.;
300 1648 379 1680 Hec.
402 1649 470 1687 260,
493 1649 561 1689 483,
584 1650 651 1680 794.

315 1696 395 1728 Eun.
417 1697 476 1728 525
497 1696 590 1727 Hane
609 1706 641 1727 se
660 1697 801 1729 intendit
821 1706 891 1727 esse.

314 1743 416 1776 Andr.
437 1745 497 1776 863
520 1743 558 1775 Si
576 1744 743 1784 quiequam
762 1744 910 1777 inuenies
930 1754 979 1775 me
998 1745 1174 1775 naentitum.
1217 1744 1296 1776 Hec.
1312 1745 1372 1775 300
1390 1743 1479 1780 Quod
1490 1753 1563 1774 mm
1576 1744 1622 1774 ita
1634 1753 1696 1774 esse
1709 1744 1863 1775 inuenero.

220 1793 278 1824 777
299 1800 370 1831 sqq.
392 1791 523 1823 Nostra-3
543 1792 687 1824 mulieres
706 1794 863 1833 suspectas
882 1792 982 1833 fuisse
1001 1792 1081 1832 falco
1103 1792 1191 1823 nobis
1212 1792 1248 1823 in
1268 1802 1301 1823 re
1320 1792 1391 1832 ipsa
1410 1791 1603 1823 inuenimw.

315 1840 394 1872 Eun.
417 1841 457 1872 29
481 1840 521 1871 Id
539 1840 584 1871 ita
604 1850 666 1871 esse
685 1850 742 1871 uos
762 1841 829 1871 iam
848 1841 991 1873 iudicare
1007 1841 1159 1881 poteritis.
1203 1841 1265 1872 Ad.
1287 1841 1344 1872 891
1367 1849 1416 1879 sq.
1439 1839 1606 1871 Hominem
1627 1841 1768 1871 maxumi
1782 1842 1866 1881 preti

220 1890 328 1929 tfflesse
348 1888 435 1920 hodie
454 1888 596 1919 iudioaui
614 1888 721 1919 animo
742 1898 816 1919 meo.
859 1890 920 1921 960
939 1888 1047 1919 Iudico
1069 1888 1188 1929 Syrum
1207 1888 1280 1929 fieri
1298 1898 1361 1918 esse
1380 1897 1501 1928 oequom
1522 1888 1661 1920 liber-um.

315 1945 377 1977 Ad.
399 1945 459 1976 332
492 1944 568 1975 Sine
597 1945 654 1975 hac
678 1945 809 1977 iurabat
828 1954 859 1975 se
880 1955 982 1975 unum
1002 1955 1178 1985 numquam
1198 1945 1360 1976 uicturum
1380 1945 1469 1975 diem.
1514 1946 1573 1976 473
1594 1945 1710 1976 Iurans
1728 1955 1759 1975 se
1779 1945 1866 1976 itum

218 1992 388 2023 ducturwm
407 1992 543 2022 domum.
572 2010 602 2015 -
627 1993 728 2024 Andr.
749 1993 809 2024 694
830 1992 891 2022 Per
910 1993 1014 2023 omnis
1035 1992 1092 2022 tibi
1112 1993 1224 2024 adiuro
1244 1993 1313 2022 deos
1332 2001 1508 2031 numquam
1521 2002 1589 2022 eam
1604 2002 1651 2022 me
1663 1993 1862 2022 deserturum.

218 2040 298 2073 Hoc.
320 2041 380 2073 268
399 2048 448 2080 sq.
471 2039 607 2071 Adiurat
626 2049 691 2071 non
706 2049 797 2081 posse
816 2041 895 2081 aput
914 2049 971 2071 uos
991 2039 1156 2081 Pamphilo
1175 2049 1206 2071 se
1226 2041 1350 2080 apsente
1365 2040 1545 2080 perdurare.

314 2097 438 2129 Phorm.
461 2097 500 2128 74
529 2096 659 2129 Memini
689 2097 821 2136 relinqui
850 2105 899 2128 me
929 2097 981 2128 deo
1010 2097 1091 2128 irato
1120 2105 1193 2128 meo.
1239 2096 1360 2128 Heaut.
1381 2097 1442 2128 626
1462 2104 1511 2135 sq.
1532 2097 1717 2127 Meministin
1737 2104 1785 2126 me
1804 2104 1865 2127 esse

216 2145 389 2185 orauidam
408 2146 437 2177 et
455 2144 534 2177 mihi
556 2146 581 2176 te
600 2153 750 2176 maxumo
770 2153 855 2185 apere
875 2144 994 2183 edicere,
1022 2145 1050 2175 si
1063 2145 1205 2184 puellam
1219 2153 1376 2184 parerem,
1397 2145 1475 2176 nolle
1496 2145 1579 2176 tolli?
1618 2144 1664 2176 De
1684 2144 1784 2175 Andr.
1805 2144 1865 2175 429

219 2195 254 2226 et
274 2193 354 2227 Hoc.
375 2194 435 2226 822
455 2202 504 2233 sq.
526 2202 556 2225 v.
578 2202 651 2234 pag.
673 2194 712 2225 25
724 2195 759 2226 et
769 2194 818 2226 26.
859 2193 1016 2226 Omnibus
1037 2193 1117 2225 locis
1138 2196 1192 2226 est
1212 2193 1267 2226 inf.
1282 2202 1377 2233 praes.
1396 2212 1424 2216 —
1440 2193 1519 2226 Hec.
1532 2193 1590 2225 332
1602 2201 1649 2231 sq.
1661 2191 1866 2224 Seruomilieo

219 2243 300 2274 intro
319 2243 412 2274 luisse
432 2242 531 2274 duent
549 2242 704 2281 Sostratae,
725 2242 846 2281 aliquid
867 2242 970 2273 tulisse
991 2242 1277 2274 comminiscentur
1297 2243 1385 2274 mali.
1427 2243 1489 2274 Ad.
1504 2243 1562 2274 657
1580 2241 1866 2275 Gmnmentamater

219 2292 263 2322 est
281 2299 342 2322 esee
361 2299 400 2322 ecc
419 2291 481 2322 alio
500 2291 571 2322 uiro
589 2291 686 2323 nescio
705 2299 763 2330 quo
776 2299 915 2330 puerum
934 2292 1053 2322 natum.

315 2347 434 2381 Heaut.
458 2348 517 2381 489
537 2347 705 2381 Abiturum
725 2355 757 2381 se
776 2355 834 2387 aps
855 2347 880 2379 te
900 2354 961 2381 esse
981 2346 1048 2380 ilico
1068 2346 1252 2381 minabitur.
