2181 2783
956 136 1108 166 -13—

306 211 408 243 Simili
428 210 495 243 fere
515 210 641 242 ratione
660 209 840 240 infinitivus
861 211 929 248 (pro
950 208 1136 247 gerundivo)
1157 207 1259 240 semel
1281 207 1412 239 additus
1433 209 1489 240 est
1503 209 1601 240 verbo
1613 208 1726 239 dandi:
1748 209 1848 240 Andr.

211 261 271 292 484
310 259 399 296 Quod
427 259 510 289 iussi
527 258 557 289 ei
575 257 647 288 dari
666 256 770 287 bibere.
812 256 1093 294 [Gerundivumz
1122 256 1202 287 Eun.
1224 256 1284 287 903
1305 264 1366 295 sq.;
1387 255 1507 288 Heaut.
1529 257 1589 288 629
1609 265 1669 297 sq.,
1690 258 1758 297 650,
1779 259 1852 297 6553

211 308 338 339 Phorm.
362 308 435 346 466;
455 306 518 337 Ad.
543 307 610 345 114,
632 306 700 344 463,
721 306 802 341 585]

218 469 270 528 D.
332 466 670 527 Infinitivus
707 466 1127 539 epexegetieus
1162 465 1261 525 vel
1296 465 1421 525 loeo
1459 433 1860 557 appositionis·

669 577 854 632 quam
891 564 1126 630 vooant‚
1164 560 1400 631 positus.

309 695 372 726 Hic
392 694 580 734 infinitivus,
603 694 657 733 qui
677 694 789 733 utique
810 694 897 734 apud
917 694 1058 726 comicos
1078 694 1246 734 reperitur,
1268 694 1310 725 ad
1330 694 1568 733 praecedentem
1587 694 1727 733 aliquam
1741 703 1852 727 vocem

213 744 341 783 planius
363 742 587 782 explicandam
607 743 793 781 usurpatur.
837 742 906 781 Quo
926 742 1022 774 modo
1042 743 1170 781 planius
1191 742 1405 782 explicantur:
1431 744 1461 779 a)
1482 743 1701 783 substantiva,
1722 752 1852 783 praeser-

212 792 275 822 tim
297 799 370 829 quae
391 791 563 821 coniuncta
583 790 651 820 sint
671 798 745 820 cum
765 791 1006 828 pronominibus
1027 791 1303 829 demonstrativis,
1335 791 1366 826 b)
1388 791 1577 829 pronomina
1598 791 1854 822 demonstrativa

215 838 362 871 neutrius
383 838 520 878 generis,
541 839 569 874 c)
590 837 758 877 particulae
778 837 842 877 ita,
864 837 929 869 sic.

306 887 407 918 Andr.
430 887 489 918 675
510 895 580 925 sqq.
610 885 677 916 Hoc
697 885 754 916 tibi
768 896 829 926 pro
848 886 977 916 seruitio
996 886 1091 925 debeo,
1110 886 1219 916 conari
1237 886 1383 916 manibus
1399 886 1539 926 pedibus,
1558 890 1716 927 noctesque
1735 890 1763 917 et
1782 888 1853 927 dies,

213 935 325 975 capitis
350 935 503 975 periclum
533 934 626 971 adire,
655 934 731 964 dum
756 934 876 973 prosim
903 934 968 964 tibi.
1011 934 1091 965 Eun.
1114 935 1173 965 857
1195 942 1243 972 sq.
1266 934 1319 963 An
1336 935 1472 973 paulum
1491 934 1546 965 hoc
1564 945 1626 965 esse
1647 935 1704 965 tibi
1723 936 1853 972 uidetur,

212 983 369 1023 uirginem
399 982 513 1013 uitiare
543 982 662 1013 ciuem?
708 982 827 1014 Heaut.
851 983 890 1014 49
911 990 959 1021 sq.
983 985 1039 1020 (z
1051 982 1131 1014 Hec.
1152 983 1192 1013 50
1212 984 1272 1021 sq.)
1293 981 1379 1012 Eum
1399 992 1461 1013 esse
1480 985 1633 1022 quaestum
1653 983 1690 1013 in
1709 983 1852 1015 animum

208 1031 323 1062 induxi
351 1041 537 1061 maxumum
566 1040 661 1070 quam
691 1040 836 1060 maxume
855 1030 972 1061 seruire
992 1031 1107 1060 uostris
1126 1031 1299 1061 commodis.
1341 1032 1401 1062 566
1421 1040 1470 1069 sq.
1492 1031 1582 1061 Ismc
1601 1032 1724 1070 quidem
1743 1034 1850 1062 ccmtu—

208 1079 299 1110 melia
329 1081 381 1118 est,
411 1079 565 1109 hominem
595 1078 732 1109 amicum
752 1078 882 1118 recipere
901 1079 943 1109 ad
963 1081 989 1108 te
1008 1081 1100 1118 atque
1119 1078 1186 1108 eius
1204 1078 1339 1109 amica-m
1358 1078 1532 1119 subiyitare.
1576 1079 1701 1111 Phorm.
1728 1081 1784 1111 174
1803 1088 1852 1118 sq.

209 1127 268 1158 Est
293 1129 429 1167 potestas
458 1127 552 1157 etiam
577 1127 764 1165 consulendi,
785 1127 862 1166 quid
879 1127 974 1157 uelis:
995 1127 1125 1157 retinere
1144 1137 1187 1157 an
1207 1137 1280 1157 uero
1299 1127 1447 1158 amittere.
1490 1128 1550 1159 613
1570 1136 1618 1166 sq.
1642 1127 1780 1158 Facinus
1800 1129 1851 1159 in·

210 1176 350 1216 diynum,
384 1175 531 1215 Chremes,
561 1175 606 1205 sic
635 1175 813 1205 circumiri!
864 1175 924 1206 652
949 1183 997 1215 sq.
1020 1175 1105 1205 Mihi
1124 1175 1251 1205 uenibat
1269 1175 1306 1205 in
1325 1178 1458 1206 mentem
1478 1176 1545 1206 eius
1564 1170 1800 1215 incommodum,
1818 1177 1854 1206 in

207 1224 388 1254 seruitutem
408 1233 579 1264 pauperem
602 1224 644 1254 ad
665 1223 759 1254 ditem
778 1223 857 1254 dari.
902 1224 960 1255 768
980 1232 1029 1262 sq.
1052 1223 1164 1254 Nonne
1182 1223 1217 1254 id
1234 1225 1283 1254 sat
1303 1226 1377 1262 erat,
1396 1224 1530 1263 accipere
1548 1224 1587 1254 ab
1607 1224 1660 1255 ilo>
1679 1225 1852 1255 iniuriam?

208 1272 271 1303 Ad.
295 1273 334 1303 74
354 1280 403 1310 sq.
430 1271 496 1301 Hoc
511 1271 654 1311 patrium
675 1274 727 1310 est,
743 1271 852 1311 potius
871 1271 1080 1310 consuefacere
1098 1271 1204 1311 filium
1225 1281 1284 1301 sua
1303 1274 1410 1311 sponte
1429 1274 1505 1302 reete
1523 1272 1622 1312 facere
1642 1282 1736 1312 quam
1755 1273 1853 1303 alieno

207 1322 300 1350 metu.
345 1320 403 1351 195
427 1319 521 1350 Nune
544 1319 616 1350 τινὰ
639 1321 748 1349 utrum
767 1319 835 1349 uis:
856 1321 1018 1359 argentum
1037 1319 1171 1359 accipere
1190 1329 1233 1350 an
1253 1329 1380 1350 causam
1399 1320 1544 1350 meditari
1563 1322 1659 1351 tuam.
1702 1322 1761 1352 386
1781 1329 1850 1360 sqq.

210 1368 296 1398 Istuc
315 1370 359 1398 est
378 1377 491 1407 sapere,
512 1377 575 1397 non
596 1368 678 1407 quod
695 1370 767 1398 ante
782 1368 874 1407 pedes
893 1368 1011 1397 modost
1030 1368 1142 1406 uidere,
1162 1368 1215 1398 sed
1233 1368 1326 1398 etiam
1347 1368 1403 1398 illa
1422 1378 1492 1407 quoe
1511 1368 1623 1407 futura
1642 1371 1717 1399 sunt
1726 1369 1850 1408 prospi-

207 1424 279 1445 cere.
323 1416 383 1446 964
403 1423 473 1454 sqq.
501 1415 544 1445 Et
563 1415 686 1454 quidem
701 1424 796 1455 porro
816 1415 888 1454 haec,
908 1415 1053 1445 obsonare
1073 1425 1144 1445 cam
1163 1415 1233 1454 fide,
1253 1417 1388 1445 seortum
1408 1415 1562 1454 adducere,
1581 1425 1733 1455 apparare
1752 1417 1787 1446 de
1805 1417 1853 1446 die

210 1463 400 1501 conuiuium,
414 1472 479 1493 nan
499 1463 655 1493 mediocris
675 1463 808 1493 hominis
828 1463 891 1492 hoec
910 1465 986 1492 sunt
1006 1462 1115 1502 officia.
1159 1463 1237 1494 Eun.
1256 1464 1295 1494 47
1310 1471 1358 1502 sq.
1381 1464 1434 1493 An
1444 1463 1552 1503 potius
1565 1463 1611 1493 ita
1624 1474 1669 1494 me
1682 1474 1854 1504 comparem,

209 1520 275 1540 non
290 1511 412 1550 perpeti
431 1511 618 1541 meretricum
639 1510 856 1540 contumelias?

306 1559 433 1591 Phorm.
460 1560 518 1590 237
540 1568 588 1597 sq.
611 1559 789 1590 infinitivus
810 1567 898 1598 pron.
921 1559 963 1598 id,
986 1567 1048 1597 quo
1070 1559 1250 1590 enuntiatio
1270 1559 1431 1590 infinitiva
1451 1559 1484 1590 in
1504 1568 1605 1590 unum
1619 1560 1751 1599 cogitur,
1767 1562 1852 1591 ante·

211 1607 310 1638 cedit:
341 1607 454 1637 Uerum
472 1607 621 1646 scientem,
643 1607 768 1637 tacitum
788 1616 912 1636 causam
933 1607 1050 1636 tradere
1069 1606 1267 1645 aduersariis,
1288 1607 1417 1637 etiamne
1437 1607 1471 1636 id
1490 1607 1537 1637 lea:
1556 1607 1669 1646 eoeyit?
