2181 2783
1109 163 1240 194 ..8-

432 235 534 266 Andr.
560 236 618 267 140
648 236 721 274 Quoe
741 245 804 267 sese
825 237 859 267 in
879 237 979 275 iynem
1002 237 1112 268 inicere
1133 237 1246 276 uoluit,
1261 237 1417 276 prohibui.
1470 238 1548 269 Eun.
1574 237 1629 268 141
1657 237 1737 268 Uelle
1757 246 1788 269 se
1809 237 1899 268 illam
1921 237 1998 268 mihi

334 282 420 313 dare.
464 282 582 314 Cetera
603 283 754 322 exempla
775 284 901 315 omitto.
928 301 959 306 —
984 284 1085 315 Andr.
1108 285 1168 316 332
1188 285 1326 324 Nuptias
1346 285 1477 324 ffuyere
1490 294 1542 324 eqo
1555 285 1632 316 uitae
1647 285 1742 317 malo.
1778 285 1857 317 Hec.
1876 286 1933 317 110
1947 293 1996 325 sq.

336 330 432 370 Quasi
454 333 487 362 tu
507 340 568 363 non
588 332 684 363 multo
704 332 800 363 malis
819 341 956 364 narrare
976 332 1030 363 hoo
1050 333 1129 364 mihi
1149 342 1246 372 quam
1265 342 1317 373 eqo
1337 341 1405 372 quce
1419 335 1582 373 percontor
1601 333 1688 365 scire.
1740 333 1802 366 Ad.
1825 335 1884 365 222
1907 334 1996 374 Quid-

333 379 410 418 quid
424 388 548 418 poseem
569 380 695 410 mallem
716 380 849 419 auferre.
878 397 908 402 —-
932 380 1034 411 Andr.
1059 381 1116 411 155
1141 381 1272 420 Propter
1291 389 1428 412 amorem
1449 390 1578 412 uxorem
1599 381 1688 413 nolet
1708 382 1825 412 ducere.
1867 382 1995 414 Phorm.

333 427 394 457 335
424 435 474 465 sq.
506 427 598 458 Alere
622 427 731 458 nolunt
750 427 904 458 hominem
924 427 1046 458 edacem
1067 429 1096 458 et
1114 428 1244 467 sapiunt
1262 437 1330 460 mea
1350 429 1507 467 sententia,
1522 437 1585 468 pro
1606 429 1753 468 maleficio
1773 430 1801 460 si
1822 429 1996 468 beneficium

332 484 493 506 summum
514 476 622 506 nolunt
640 475 776 506 reddere.
819 475 899 507 Hec.
921 477 941 507 6
961 484 1011 515 sq.
1033 476 1142 507 Noluit
1161 477 1274 507 iterum
1295 477 1420 516 referre.
1466 478 1522 508 183
1549 477 1658 508 Uidere
1678 478 1763 509 nolle.
1807 478 1865 509 712
1885 477 1925 508 Id
1945 486 1996 516 eyo

333 523 386 554 hoc
409 525 563 563 praesente
595 524 648 554 tibi
678 523 839 555 nolueram
860 524 968 556 dicere.
1011 524 1073 556 Ad.
1099 525 1156 556 140
1176 525 1255 556 Nolo
1275 525 1308 556 in
1328 525 1419 556 illum
1438 525 1573 564 grauius
1593 525 1700 557 dicere.
1746 526 1803 557 142
1824 534 1872 564 sq.
1897 525 1995 557 Osten-

333 571 405 603 dere
436 581 484 602 me
515 581 595 612 aeyre
620 572 692 612 pati
723 572 771 603 illi
802 572 895 603 nolui.
941 573 998 604 192
1028 572 1094 612 Eyo
1116 573 1169 604 tibi
1189 573 1278 605 illam
1299 573 1366 604 nolo
1386 572 1524 604 uendere.
1567 573 1680 605 Sexies
1701 573 1881 605 infinitivus
1903 575 1956 605 est
1977 582 1995 605 e

333 620 410 651 noli
443 621 552 660 aptus,
575 620 678 652 semel
710 628 728 652 e
761 620 896 652 nolite:
928 620 1029 652 Andr.
1053 621 1112 653 385
1143 621 1282 653 Suadere
1307 621 1377 653 noli.
1424 622 1483 653 685
1514 621 1602 652 Modo
1624 622 1665 658 tu,
1687 622 1790 652 anime
1810 622 1864 660 mi,
1885 622 1948 653 noli
1970 623 1995 652 te

332 677 500 699 macerare.
537 668 665 700 Phorm.
681 669 741 700 556
761 668 835 699 Noli
857 670 997 700 metuere.
1033 669 1112 701 Hec.
1128 670 1188 701 316
1208 669 1282 700 Noli
1302 669 1485 709 fabularier.
1522 670 1580 700 467
1601 668 1675 700 Noli
1694 669 1805 708 fodere.
1841 670 1901 701 654
1921 669 1995 701 Noli

331 716 509 748 aduersari.
552 717 591 748 46
612 725 661 755 sq.
682 716 783 748 Nolite
803 717 903 747 sinere
917 726 978 756 per
998 726 1053 748 uos
1074 719 1173 748 artem
1193 718 1346 749 neus-icam
1367 717 1501 749 recidere
1521 717 1564 748 ad
1578 725 1705 757 paucos.

428 765 564 804 Propter
596 765 844 804 significationis
876 765 1125 797 similitudinem
1157 766 1220 797 huo
1252 766 1350 798 simul
1375 756 1646 801 referend’v‘ffsunt
1666 765 1856 805 locutioneS,
1879 766 1993 805 quales

332 814 412 844 sunt
433 814 601 844 animum
623 813 775 852 induco,
797 813 835 844 in
858 813 982 845 animo
1004 816 1097 851 (-um)
1119 814 1300 853 instituo,
1323 822 1477 853 operam
1499 813 1544 845 do
1565 815 1637 845 cet..

429 860 530 892 Andr.
553 861 613 893 834
643 861 706 892 Per
726 870 778 901 eqo
800 863 825 892 te
845 861 915 893 deos
935 870 996 900 oro,
1018 863 1053 893 ut
1071 871 1108 893 ne
1129 862 1193 894 illis
1215 863 1360 894 animum
1381 862 1517 894 inducas
1531 862 1551 893 ¹)
1572 861 1701 893 credere.
1744 861 1823 893 Eun.
1846 862 1906 893 490
1935 861 1993 901 Qui

331 910 403 940 huic
433 910 577 941 animum
608 910 769 941 adsentari
800 910 972 942 induxeris.
1025 910 1104 942 Hec.
1126 912 1166 942 98
1187 920 1258 950 sqq.
1287 911 1371 950 Quod
1391 920 1443 950 eqo
1462 919 1635 950 numquam
1656 910 1774 941 credidi
1793 910 1866 949 fore,
1888 912 1923 941 ut
1942 910 1993 941 ille

331 958 389 989 hac
419 959 497 989 uiua
522 959 626 996 posset
654 958 798 988 animum
830 958 973 989 inducere
1006 967 1133 989 uxorem
1165 959 1284 991 habere.
1326 960 1386 990 603
1407 959 1478 990 Non
1501 960 1559 989 tute
1571 959 1593 989 ²)
1615 958 1839 989 incommodam
1859 967 1935 996 rem,
1958 959 1993 988 ut

331 1014 458 1046 quaeque
478 1007 523 1037 est
541 1006 575 1037 in
597 1005 743 1037 animum
763 1006 899 1038 induces
914 1007 1008 1046 pati?

428 1054 491 1086 Ad.
514 1055 553 1086 38
575 1063 624 1093 sq.
661 1055 731 1086 Uah
755 1064 980 1094 quemquamne
1004 1055 1157 1086 hominem
1179 1056 1211 1086 in
1234 1056 1342 1087 animo
1354 1056 1375 1087 ⁸)
1395 1055 1569 1087 instituere
1584 1064 1705 1094 parare
1726 1054 1806 1094 quod
1825 1055 1867 1085 sit
1886 1055 1990 1085 carius

331 1110 427 1142 quam
448 1102 513 1142 ipse
533 1104 578 1133 est
596 1103 671 1134 sibi!

427 1151 506 1183 Heo.
529 1152 589 1183 553
621 1151 706 1183 Dare
737 1160 869 1191 operam
902 1152 936 1182 id
966 1152 1053 1183 scire.
1107 1152 1218 1190 [Andr.
1242 1153 1301 1184 243
1331 1152 1419 1184 Itane
1444 1153 1588 1183 obstinate
1612 1161 1737 1191 operam
1758 1152 1821 1190 dat,
1843 1153 1881 1183 ut
1903 1161 1949 1181 me
1970 1161 1989 1182 a

333 1199 474 1239 Glycerio
496 1200 646 1231 miserum
668 1200 852 1231 abstrahat?
903 1200 982 1232 Eun.
1005 1201 1045 1232 62
1066 1209 1115 1239 sq.
1148 1200 1255 1232 Nihilo
1273 1201 1351 1240 plus
1375 1209 1460 1240 ayaS,
1482 1209 1578 1240 quam
1598 1201 1626 1232 si
1648 1200 1701 1231 des
1721 1209 1845 1240 operam
1866 1202 1901 1231 ut
1919 1208 1989 1230 cum

330 1249 448 1280 ratione
468 1249 632 1286 insanias]

426 1296 553 1328 Phorm.
580 1298 637 1328 157
667 1297 796 1327 Utinam
818 1306 857 1327 ne
878 1296 1066 1328 Phormioni
1085 1297 1120 1327 id
1139 1298 1266 1328 suadere
1286 1298 1318 1328 in
1341 1300 1485 1329 mentem
1506 1298 1689 1329 incidisset!

426 1345 522 1375 annot.
564 1345 626 1377 Pro
658 1345 727 1376 solo
759 1344 814 1375 inf.
847 1345 898 1376 his
930 1345 1010 1376 locis
1043 1345 1214 1377 Terentius
1247 1354 1313 1377 acc.
1336 1343 1410 1376 cum
1431 1345 1486 1376 ins.
1509 1346 1613 1376 utitur
1635 1345 1676 1376 ad
1698 1345 1798 1376 verba
1819 1353 1891 1383 quae
1913 1347 1991 1376 sunt

331 1393 456 1431 cupio,
485 1394 591 1432 opto,
620 1392 791 1432 postulo,
821 1393 976 1432 studeo,
1004 1393 1105 1432 volo,
1134 1394 1232 1425 malo
1258 1395 1420 1433 revocato,
1443 1402 1463 1425 a
1485 1402 1548 1432 quo
1569 1393 1731 1424 scribendi
1752 1401 1869 1431 genere
1890 1393 1991 1424 etiam

330 1440 445 1479 optimi
477 1440 595 1472 solutae
627 1441 785 1472 orationis
817 1441 995 1479 scriptores
1024 1440 1156 1472 minime
1178 1441 1361 1472 abhorrent.
1403 1441 1571 1472 Adhibent
1592 1449 1673 1472 sane
1693 1440 1782 1471 illam
1804 1441 1844 1471 ab
1866 1441 1991 1471 usitato

330 1495 480 1519 sermone
503 1487 762 1528 declinationem,
795 1489 833 1519 ut
864 1488 997 1527 gravius
1030 1496 1105 1519 oum
1136 1488 1316 1520 infinitivus
1348 1490 1421 1520 tum
1452 1488 1638 1520 subiectum
1664 1488 1734 1520 eius
1760 1488 1990 1528 ostendantur;

330 1536 515 1575 saepissime
542 1539 656 1568 tamen
676 1536 709 1568 id
731 1537 800 1568 fieri
822 1545 886 1567 non
908 1536 1002 1575 solet,
1024 1537 1087 1567 nisi
1108 1537 1163 1567 inf.
1186 1538 1238 1568 est
1260 1538 1319 1568 aut
1340 1545 1429 1568 esse
1451 1538 1510 1568 aut
1531 1536 1665 1575 passivi.
1709 1536 1829 1567 Comici
1851 1536 1990 1574 quidem,

330 1585 368 1614 ut
398 1585 488 1615 recte
520 1583 702 1615 Schmalz⁴)
735 1584 899 1622 admonet,
932 1583 1099 1622 vulgarem
1121 1592 1305 1616 sermonem
1326 1584 1377 1615 hic
1398 1584 1519 1615 imitati
1541 1591 1616 1615 esse
1637 1583 1797 1623 videntur,
1820 1583 1874 1622 qui
1895 1583 1989 1622 quasi

330 1631 518 1664 dilucidiora
538 1631 651 1664 futura
671 1632 786 1664 studet
807 1632 952 1671 cogitata
974 1640 1074 1672 supra
1095 1633 1331 1665 necessitatem
1352 1632 1540 1665 abundante
1562 1632 1707 1664 oratione
1729 1632 1917 1672 exprimere.

426 1680 547 1711 Heaut.
570 1682 630 1711 428
655 1680 753 1710 Cuius
774 1680 910 1710 maxime
931 1683 957 1709 te
976 1680 1049 1719 fieri
1064 1681 1252 1720 participem
1274 1681 1375 1720 cupis.

426 1728 527 1760 Andr.
551 1729 609 1760 797
636 1728 713 1765 Qaae
730 1737 793 1759 sese
813 1728 971 1759 inhoneste
993 1729 1121 1768 optauit
1137 1738 1249 1769 parere
1269 1728 1319 1760 hic
1338 1728 1479 1759 diuitias.

426 1777 547 1808 Heaut.
570 1778 628 1808 671
661 1776 754 1807 Posse
785 1777 948 1815 postulem
979 1786 1026 1807 me
1055 1777 1171 1816 fallere.
1215 1777 1277 1808 Ad.
1300 1778 1359 1808 879
1391 1776 1457 1816 qu
1488 1786 1607 1815 quoque
1633 1785 1653 1806 a
1675 1776 1750 1806 meis
1771 1786 1818 1806 me
1838 1776 1942 1806 amari
1961 1778 1989 1806 et

329 1823 438 1863 mayni
456 1823 531 1864 fieri
545 1824 680 1864 postulo.

434 1915 452 1945 ¹)
471 1913 560 1939 Plaut.
579 1913 678 1946 Amph.
698 1914 749 1939 915
767 1913 865 1938 omisso
883 1914 1023 1938 animum
1042 1913 1098 1939 haec
1117 1917 1192 1939 sunt:
1216 1913 1271 1944 Quo
1286 1916 1363 1946 pacto
1382 1914 1411 1938 id
1427 1913 1495 1945 ferre
1513 1913 1654 1938 induceres.

433 1957 452 1988 ⁹)
472 1955 545 1987 Brix,
571 1963 649 1989 quem
675 1958 782 1981 secutus
808 1958 847 1981 est
872 1955 974 1989 Umpf„
1000 1958 1035 1981 tu
1058 1959 1088 1981 te
1111 1955 1243 1989 separavit
1262 1956 1295 1988 (v.
1315 1955 1437 1980 Brixium
1456 1954 1490 1980 nd
1507 1954 1580 1980 Trin.
1598 1954 1667 1987 237).
1704 1954 1784 1980 Illum
1803 1954 1825 1980 si
1844 1954 1987 1988 sequimur,

328 1997 372 2024 hic
390 1997 464 2024 locus
483 2001 522 2024 est
541 1997 576 2024 ad
594 2001 685 2024 annot.
704 1998 825 2032 proxime
843 2002 995 2031 sequentem
1014 1997 1175 2024 referendus.
1212 1997 1251 2024 Ut
1268 1997 1352 2024 maior
1366 1997 1405 2023 vis
1419 1997 1620 2031 pronominibus
1635 2006 1702 2031 pers.
1718 1997 1841 2029 addatur,
1855 1997 1986 2023 suffixum

328 2040 368 2071 iis,
392 2044 422 2066 ut
448 2041 554 2071 scimus,
579 2040 714 2066 interdum
740 2040 849 2065 additur
873 2043 911 2071 te,
937 2040 969 2065 de
987 2048 1041 2073 qua
1058 2048 1086 2066 re
1104 2048 1309 2066 commemorare
1327 2039 1387 2065 volo
1406 2039 1457 2064 Ad.
1476 2039 1528 2065 290
1545 2039 1604 2065 Iam
1623 2048 1693 2065 nune
1711 2040 1793 2071 times,
1813 2039 1893 2072 quasi
1909 2048 1986 2064 num-

328 2091 407 2116 quam
426 2082 552 2115 adfueris,
571 2090 719 2115 numquam
737 2084 789 2108 tute
803 2081 953 2115 pepereris?

432 2126 451 2158 ³)
470 2125 515 2151 Ita
539 2125 680 2157 Dziatzko,
705 2125 751 2159 qui
776 2124 846 2151 hanc
871 2133 926 2151 esse
951 2128 1082 2151 monstrat
1107 2125 1246 2151 lectionem
1269 2124 1389 2150 codicum
1409 2124 1577 2158 optimorum.
1614 2124 1787 2151 Demonstrat
1805 2124 1874 2151 idem
1893 2133 1916 2150 v.
1936 2126 1986 2151 316

331 2167 440 2201 »Capite
458 2175 573 2201 pronum
591 2167 619 2193 in
638 2170 708 2193 terra
726 2170 896 2198 statuerem„
915 2166 962 2192 ubi
980 2167 1008 2192 in
1027 2166 1150 2192 omnibus
1169 2166 1315 2198 codicibus,
1333 2165 1391 2192 cod.
1406 2167 1431 2191 A
1445 2170 1563 2200 excepto,
1577 2169 1665 2192 exstat
1682 2167 1715 2192 in
1733 2170 1860 2192 terram.
1893 2166 1985 2200 Umpf.

327 2208 434 2243 quidem
460 2209 492 2235 in
518 2209 625 2235 animo
649 2208 754 2241 retinet,
779 2208 863 2235 reiicit
882 2208 914 2235 in
933 2211 1028 2235 terra.
1066 2208 1180 2243 Spengel
1198 2208 1230 2234 in
1249 2208 1389 2235 animum
1408 2208 1512 2240 statuit,
1530 2208 1557 2235 id
1576 2208 1647 2243 quod
1666 2212 1755 2235 tamen
1773 2217 1801 2235 se
1818 2208 1985 2235 dubitantem

328 2251 421 2278 fecisse
445 2252 575 2285 coneedit,
601 2252 709 2278 minoris
734 2252 861 2278 momenti
880 2252 1025 2278 admonens
1044 2261 1100 2278 esse
1118 2252 1229 2284 codicae,
1248 2252 1294 2286 qui
1312 2251 1351 2277 ita
1369 2251 1481 2278 scribere
1498 2251 1602 2283 iubent;
1626 2251 1698 2286 quod
1717 2252 1751 2278 ad
1769 2260 1793 2278 v.
1812 2253 1863 2279 316
1881 2253 1985 2283 attinet,

327 2295 359 2320 in
378 2298 497 2321 terram
516 2295 626 2320 mavult.
664 2294 817 2320 Fleckeisen
836 2298 949 2327 utroque
967 2295 1025 2320 loco
1043 2295 1071 2320 in
1090 2303 1151 2320 cum
1170 2303 1223 2320 acc.
1243 2297 1338 2320 servat.
1375 2294 1423 2320 Cfr
1440 2294 1496 2320 haec
1516 2294 1616 2320 Plauti:
1637 2295 1716 2320 Most.
1736 2295 1800 2325 1‚·2‚2
1820 2295 1985 2328 Argumenta

327 2337 354 2362 in
373 2340 466 2372 pectus
485 2337 571 2363 multa
589 2337 735 2363 instituere.
772 2336 837 2363 Aut
856 2345 916 2363 cum
936 2336 1058 2363 Dziatzk.
1078 2340 1103 2364 et
1123 2336 1220 2371 Speng.
1240 2336 1325 2363 omisi.

430 2380 450 2414 ⁴)
469 2381 483 2415 ξ
500 2379 561 2408 227.
