2181 2783
901 118 1052 148 ..25-

258 193 378 226 Heaut.
399 194 460 225 879
479 200 529 231 sq.
549 191 750 223 Gratulando
766 216 773 223 .
788 215 795 223 .
811 215 818 223 .
834 193 918 222 tuam
937 201 999 222 esse
1018 191 1178 222 inuentam
1195 194 1325 231 ymtam.

252 241 372 273 Heaut.
398 241 458 272 683
482 240 568 270 Istuc
591 239 647 269 tihi
666 248 702 269 επ
721 239 872 270 sententia
893 242 946 270 tua
966 240 1109 279 optvyisse
1128 240 1229 271 laetor.
1271 240 1349 271 Hec.
1371 241 1430 271 833
1451 240 1527 270 Haec
1547 243 1589 270 tot
1604 243 1731 280 propter
1750 252 1794 271 me

150 289 267 329 qaudia
286 288 334 319 illi
353 287 513 327 wntiyisso
531 286 626 317 butor

249 337 371 368 Eadem
391 336 517 367 ratione
538 343 557 367 e
578 335 771 367 dictionibus
792 344 865 374 quae
886 335 975 367 verbi
995 335 1161 367 notionem
1180 335 1303 367 habent
1324 344 1390 367 acc.
1412 344 1495 367 cum.
1517 335 1571 367 inf.
1592 336 1719 375 pendent

249 385 376 416 Phorm.
408 384 468 415 596
497 382 558 414 Dis
588 384 711 422 gratias
742 384 862 422 agebat
891 386 1008 423 tempus
1037 383 1096 414 sibi
1124 384 1202 414 dari
1245 384 1345 415 Andr.
1368 385 1406 415 42
1428 383 1467 413 Id
1483 386 1604 423 yratum
1623 384 1764 423 fuisse.

152 433 256 464 habeo
277 432 426 471 gratiam.
468 431 595 462 Phorm.
616 432 657 462 54
681 431 744 471 (Te)
768 441 833 461 mm
852 431 1012 462 necleoeisse
1031 431 1123 461 habeo
1140 433 1281 470 ⁵qratiam

249 479 329 511 Hec.
351 480 410 511 562
431 479 587 511 Incendor
605 479 655 510 ira
674 489 735 509 esse
754 488 862 510 ausam
881 479 980 519 faeere
999 479 1063 509 hoec
1083 481 1118 509 te.

250 528 377 559 Phorm.
399 528 459 558 820
478 527 590 558 Laetus
611 536 685 558 sum
701 551 707 557 .
726 551 732 557 .
751 551 757 557 .
773 527 868 566 fratri
887 528 1028 566 optiyisse
1047 527 1128 566 quod
1146 527 1218 558 uolt.

250 575 351 606 Andr.
376 575 431 606 191
457 574 575 612 Omnes,
595 576 649 614 qui
667 577 782 611 amant,
802 576 946 614 grauiter
964 575 1024 605 sibi
1043 575 1113 606 dari
1132 584 1255 605 uxorem
1275 575 1392 606 ferunt.

246 623 343 654 Annei.
384 623 497 655 Sexies
525 624 612 663 apud
640 623 709 655 Ter.
737 632 821 655 cum
848 624 1030 655 coniunctio
1050 625 1209 662 sequente
1229 623 1404 654 indicativo
1424 623 1594 654 invenitur.
1609 623 1626 653 ¹)
1667 623 1791 655 Phorm.

156 672 216 702 894
241 679 290 710 sq.
321 672 470 710 quando
495 672 624 710 legitur:
652 672 709 702 Dis
729 680 862 711 maynae
880 673 988 703 merito
1005 672 1128 711 qratias
1147 671 1238 702 habeo
1257 673 1346 710 atque
1365 680 1430 710 ayo,
1451 671 1573 710 quando
1593 680 1711 702 euenere
1730 672 1792 702 hoec

148 719 241 759 nobis,
260 719 368 758 frater,
383 728 538 758 prospere.

807 833 1134 864 Additamentum.

245 905 395 936 Omnium
426 907 564 936 aetatum
594 905 788 944 scriptorum
818 906 879 936 hoc
910 907 963 937 est
993 913 1173 944 commune,
1204 905 1288 943 quod
1309 905 1421 943 utique
1442 906 1518 943 post
1540 905 1638 935 verba
1659 904 1790 943 dicendi,

153 953 299 992 putandi,
329 953 490 992 sperandi,
511 953 685 985 confitendi
705 953 799 984 simil.
821 953 1005 985 subiectum
1025 953 1175 984 infinitivi
1196 956 1272 992 (me,
1297 955 1345 991 te,
1371 961 1421 991 se,
1442 961 1521 990 nos,
1542 955 1630 991 vos),
1652 953 1680 983 si
1700 953 1791 984 facile

149 1001 184 1032 id
205 1010 246 1033 ex
266 1001 456 1040 praegressis
477 1002 529 1033 vel
549 1002 760 1040 sequentibus
781 1003 892 1041 potest
913 1002 981 1034 erui
1002 1010 1107 1040 neque
1128 1001 1270 1040 graviter
1290 1001 1527 1032 ostendendum
1548 1002 1610 1039 est,
1631 1001 1790 1032 interdum

151 1050 318 1088 omittunt,
343 1051 381 1080 ut
401 1058 458 1088 pro
479 1058 546 1080 acc.
568 1058 642 1081 cum
662 1050 717 1081 inf.
739 1050 829 1081 solus
849 1049 905 1080 inf.
926 1050 1062 1088 legatur.
1103 1049 1200 1088 Apud
1221 1049 1361 1088 optimos
1382 1049 1499 1080 solutae
1520 1049 1675 1080 orationis
1695 1050 1789 1088 scrip-

151 1099 240 1129 tores
270 1097 359 1129 nulla
389 1097 456 1134 fere
486 1097 669 1129 huiusmodi
699 1097 931 1136 praetermissio
962 1097 1009 1137 fit,
1041 1097 1104 1128 nisi
1136 1097 1318 1128 subiectum
1343 1096 1493 1127 infinitivi
1513 1097 1599 1128 idem
1620 1098 1673 1128 est
1693 1098 1790 1135 atque

148 1145 274 1177 illorum
295 1146 480 1186 verborum;
501 1147 538 1178 at
558 1146 621 1186 alii,
641 1146 799 1185 imprimis
820 1146 943 1186 comici,
964 1146 1085 1178 maiore
1105 1146 1237 1177 licentia
1257 1146 1404 1185 utuntur,
1426 1153 1529 1184 quare
1547 1145 1633 1184 apud
1654 1153 1709 1177 eos
1726 1154 1788 1177 non

147 1194 252 1225 solum
276 1195 465 1233 pronomina
485 1202 569 1233 pers.
590 1195 650 1225 sed
670 1195 770 1225 etiam
791 1202 966 1233 pronomen
987 1195 1163 1225 demonstr.
1185 1194 1231 1233 is,
1260 1202 1335 1225 cum
1362 1194 1445 1225 ratio
1471 1194 1609 1225 subiecti
1630 1194 1789 1225 contraria

147 1242 201 1281 sit,
226 1242 348 1281 saepius
373 1242 578 1273 omittuntur.
623 1242 687 1274 Sed
707 1244 820 1273 tamen
841 1242 1165 1274 animadvertendum
1186 1244 1239 1273 est
1259 1241 1346 1272 haud
1367 1250 1440 1272 raro
1461 1249 1536 1272 esse
1556 1242 1640 1272 hanc
1660 1250 1787 1273 accusa-

147 1291 206 1321 tivi
227 1290 535 1329 praetermissionem
555 1291 596 1322 ab
617 1299 655 1322 eo
676 1292 792 1330 ortam,
814 1290 899 1329 quod
920 1290 1035 1322 eadem
1055 1299 1128 1330 vox,
1150 1290 1287 1322 eandem
1301 1289 1490 1329 plerumque
1503 1289 1627 1321 habens
1642 1289 1787 1329 formam,

146 1338 235 1369 brevi
255 1338 363 1377 spatio
383 1338 546 1377 praecedit..
588 1338 740 1369 Ceterum
760 1347 906 1377 praesens
926 1338 981 1369 inf.
1004 1346 1246 1376 nonnumquam
1266 1338 1429 1369 invenitur
1450 1346 1507 1376 pro
1528 1337 1597 1368 fut..

241 1386 306 1418 Eas
332 1394 439 1426 voceS‚
467 1395 539 1425 quae
564 1387 764 1426 praedicativi
788 1386 857 1418 loco
883 1395 920 1418 se
941 1386 983 1418 ad
1004 1386 1188 1418 subiectum
1209 1385 1357 1417 infinitivi
1379 1385 1552 1424 applicant,
1575 1385 1642 1417 Ter.
1664 1394 1789 1425 semper

146 1435 179 1466 in
200 1442 266 1466 acc.
287 1435 386 1473 ponit.

247 1482 348 1514 Andr.
372 1483 410 1513 14
440 1482 568 1513 Fatetur
599 1483 790 1514 transtulisse
818 1484 908 1522 atque
936 1491 1030 1513 usum
1053 1491 1116 1521 pro
1144 1482 1218 1513 suis.
1266 1482 1324 1512 144
1344 1490 1415 1520 sqq.
1440 1482 1610 1513 Clamitans
1630 1483 1787 1521 indignum

150 1530 274 1569 facinus
285 1531 307 1560 ²)
338 1531 522 1569 comperisse.
573 1531 633 1561 358
662 1530 764 1569 Neyat
790 1530 912 1561 uidisse.
958 1532 1018 1562 379
1037 1530 1172 1569 Neyaris
1192 1530 1306 1560 ducere.
1348 1530 1408 1561 394
1427 1530 1520 1560 Patri
1539 1530 1589 1560 dic
1607 1531 1689 1562 uelle.
1730 1531 1785 1561 401

150 1578 308 1609 Pollicitus
335 1587 407 1609 sum
437 1579 656 1617 sumtwum.
708 1579 767 1609 429
796 1578 923 1609 Memini
952 1578 1057 1609 uidere
1083 1578 1211 1617 (Umpf.:
1233 1578 1349 1616 uideri;
1370 1578 1454 1609 libri:
1475 1578 1600 1614 uidere).
1642 1579 1700 1609 470
1719 1577 1786 1608 Sen—

146 1626 221 1657 sisse
249 1627 303 1658 ait.
354 1627 414 1657 353
435 1634 483 1665 sq.
503 1627 561 1657 Ait
579 1627 632 1657 tibi
651 1634 778 1657 uxorem
798 1626 874 1657 dare
893 1626 987 1657 hodie.
1029 1627 1089 1657 613
1109 1625 1188 1657 Sum
1202 1626 1358 1665 pollicitus
1377 1626 1492 1657 ducere.
1534 1627 1594 1657 688
1619 1625 1724 1656 Uidere
1741 1626 1789 1657 ait

149 1676 174 1705 te
193 1683 307 1714 cupere.
359 1675 419 1706 728
439 1683 488 1713 sq.
513 1674 549 1706 Si
567 1675 643 1714 forte
662 1684 737 1714 <mus
756 1675 798 1705 sit
815 1675 858 1706 ad
878 1683 966 1706 erwm
987 1675 1089 1705 iurato
1108 1674 1188 1705 mihi
1206 1683 1266 1705 non
1286 1675 1448 1713 amosis-ee.
1489 1674 1568 1706 Eun.
1584 1675 1642 1705 513
1655 1675 1709 1705 Ait
1720 1683 1786 1705 rem

149 1723 293 1754 diuinam
313 1724 415 1763 fecisse
434 1725 462 1754 et
479 1732 547 1754 rem
565 1724 681 1754 seriam
700 1723 776 1754 uelle
795 1732 883 1762 agere
901 1731 1028 1754 mecum.
1069 1722 1190 1754 Heaut.
1213 1723 1251 1754 19
1275 1722 1448 1754 Facturum
1467 1724 1618 1754 autumat.
1659 1724 1717 1754 500
1737 1731 1785 1761 sq.

150 1771 262 1802 Dicam
277 1796 284 1802 .
300 1795 307 1803 .
324 1795 331 1802 .
345 1771 432 1802 hodie
455 1780 515 1802 non
536 1780 622 1811 posse
645 1773 688 1802 eis
711 1772 795 1803 dare.
846 1772 906 1803 626
926 1779 975 1810 sq.
1006 1771 1194 1802 Meministin
1208 1796 1215 1803 .
1232 1796 1238 1802 .
1254 1795 1261 1802 .
1278 1773 1303 1802 te
1326 1780 1476 1802 maxumo
1498 1780 1584 1810 «mere
1608 1771 1717 1802 edwere
1730 1795 1737 1802 .
1753 1795 1760 1802 .
1777 1795 1783 1801 .

144 1820 222 1850 nolle
242 1820 327 1850 tolli?
367 1820 424 1851 661
449 1819 529 1858 Quid
547 1821 738 1850 renuntiauit
757 1820 830 1850 olim
849 1820 972 1859 fecisse?
1023 1820 1082 1850 724
1101 1819 1209 1850 Decem
1228 1820 1333 1850 minas
1352 1828 1431 1858 quas
1449 1820 1529 1850 mihi
1548 1820 1623 1850 dare
1636 1820 1788 1858 pollutitus

144 1868 195 1899 est.
238 1868 297 1899 726
326 1867 404 1898 Cum
424 1869 588 1898 uenturam
608 1868 714 1899 dixero
733 1869 762 1899 et
779 1868 963 1899 constitum.
1005 1868 1065 1899 768
1084 1876 1133 1906 sq.
1154 1868 1244 1898 Dixit
1257 1891 1264 1899 .
1280 1891 1287 1899 .
1304 1891 1311 1899 .
1324 1876 1426 1898 secum
1445 1867 1620 1899 adduxisse.
1661 1867 1784 1898 Phorm.

144 1916 205 1945 864
234 1916 292 1946 Ait
320 1924 381 1946 esse
410 1916 546 1946 metitum.
591 1915 671 1947 Hec.
692 1917 733 1946 60
752 1924 823 1954 sqq.
844 1915 1030 1954 Pamphilus
1049 1916 1195 1947 iurabat.
1211 1940 1218 1947 .
1234 1940 1242 1947 .
1256 1924 1429 1954 numquam
1449 1916 1506 1946 itm
1525 1916 1602 1946 uiua
1622 1916 1784 1946 ducturum

147 1971 276 1994 uxorem
296 1963 432 1994 domum.
476 1963 534 1994 147
558 1962 703 2002 &masse
722 1971 774 1994 eae
795 1963 921 1994 wlerare
933 1971 1031 2002 posse.
1073 1964 1133 1994 235
1153 1963 1201 1994 Me
1219 1963 1316 1994 odssse
1335 1963 1581 1994 adsimulaucrit.
1622 1964 1680 1993 427
1702 1963 1785 2001 Quod

148 2019 229 2041 nunc
258 2011 404 2042 minitare
433 2012 539 2050 facere.
590 2012 650 2042 550
681 2011 740 2050 Qui
768 2011 883 2042 uidisse
912 2019 982 2042 eum
1009 2011 1119 2042 diceret
1137 2013 1300 2043 exeunoem.
1343 2012 1399 2042 751
1421 2019 1470 2050 sq.
1491 2011 1531 2042 Id
1545 2011 1702 2050 pollicerer
1722 2011 1783 2048 tibi,

145 2058 267 2098 Laches,
288 2060 478 2098 seyreyatum
497 2059 638 2089 habuisse
654 2082 661 2089 .
677 2082 684 2090 .
700 2082 707 2089 .
722 2068 744 2089 a
763 2067 812 2089 me
830 2059 1043 2097 Pamphilum.
1084 2059 1146 2089 Ad.
1169 2061 1206 2090 77
1226 2059 1376 2089 Fateatur
1395 2060 1508 2090 nescire
1524 2060 1684 2097 imperare.
1726 2059 1781 2089 151

144 2106 238 2138 Dixit
264 2106 348 2138 uelle.
392 2107 449 2138 162
482 2106 522 2138 Te
541 2107 695 2146 posterius
708 2115 833 2146 purges,
854 2106 933 2138 hanc
952 2107 1104 2138 iniuriam
1124 2106 1203 2137 mihi
1222 2107 1299 2138 nolle
1317 2107 1433 2146 facmm
1453 2115 1522 2138 esse.
1564 2106 1619 2137 561
1641 2105 1785 2136 Produxe

143 2155 240 2186 aibas.

247 2278 266 2309 ¹)
283 2276 354 2303 Vide
371 2276 493 2302 Dziatzk.
511 2276 546 2302 ad
563 2275 615 2301 Ad.
635 2277 692 2302 139.

246 2326 266 2352 ’i
285 2326 378 2359 Umpf.
397 2326 565 2359 indignum
583 2326 711 2351 facinus
729 2334 745 2351 a
762 2326 853 2351 oeteris
872 2329 999 2359 segregat,
1013 2329 1044 2351 ut
1058 2334 1104 2359 per
1117 2334 1145 2351 se
1158 2327 1329 2359 intelligatur.
1361 2327 1430 2352 Vide
1444 2326 1539 2359 Speng.
1554 2326 1587 2351 ad
1601 2325 1672 2351 hunc
1686 2325 1781 2351 locum.

1669 2383 1686 2408 6
