2181 2783
949 119 1099 150 -27-

248 364 292 423 C.
361 365 485 423 Aoo.
527 381 668 422 eum
707 364 807 423 inf.
842 364 906 422 in
943 364 1480 424 exclamationibus
1517 370 1578 424 et
1611 366 1791 424 inter-

817 481 1228 553 rogationibus

197 659 343 691 persaepe
363 653 549 691 usurpatur,
572 660 634 690 quo
655 652 815 684 scribendi
836 660 953 691 genere
972 652 1134 684 indicatur
1153 651 1311 691 indignari
1333 651 1473 691 aliquem
1486 652 1526 683 de
1541 651 1649 691 aliqua
1662 661 1705 692 re,
1720 652 1834 693 dolere,

198 707 359 739 admirati.
409 706 598 746 Saepissime
627 716 673 739 ne
704 707 842 747 additur,
868 716 933 747 qua
959 708 1119 747 particula
1138 708 1371 746 interrogativa
1392 707 1532 784 quodam
1552 708 1656 747 modo,
1678 708 1763 740 sitne
1783 717 1835 740 res

197 771 284 802 vera,
305 762 415 795 fierine
436 763 550 803 possit,
570 763 685 795 leviter
704 764 738 795 in
759 763 892 795 dubium
913 765 1059 796 vocatur.
1072 764 1093 794 ¹)

294 852 324 887 a)
345 850 399 882 Ne
419 851 540 883 exstat.

292 923 489 954 Annectitur
518 924 588 954 haeo
618 923 779 962 particula
809 924 851 955 ad
881 932 955 955 eam
980 923 1211 956 enuntiationis
1241 932 1364 963 vocem,
1387 932 1459 962 quae
1480 924 1624 955 omnium
1644 924 1835 962 gravissima

198 971 251 1001 est
270 962 406 1009 ideoque
426 972 518 1003 tenet
537 971 644 1002 locum
664 971 812 1010 primum.

292 1042 392 1075 Andr.
424 1043 483 1074 245
513 1043 618 1073 Adeon
648 1043 803 1073 hominem
832 1053 894 1074 esse
922 1043 1128 1073 inuenustum
1152 1045 1209 1074 aut
1227 1042 1383 1083 infelicem
1402 1052 1596 1083 quemquam,
1616 1045 1652 1073 ut
1672 1053 1722 1083 eqo
1741 1045 1835 1074 sum!

197 1091 257 1122 425
285 1089 423 1121 Nullane
448 1091 485 1121 in
504 1101 537 1121 re
556 1101 618 1121 esse
635 1090 783 1131 cuiquam
801 1091 924 1121 homini
941 1091 1055 1131 fidem!
1095 1092 1156 1123 609
1177 1090 1299 1122 Seruon
1318 1091 1464 1131 fortunas
1483 1100 1567 1121 meas
1587 1100 1635 1121 me
1654 1091 1838 1122 commisse

196 1138 317 1178 futtili!
358 1139 418 1170 689
449 1138 554 1169 &aine
582 1149 631 1169 me
659 1141 750 1179 atque
778 1139 867 1170 illam
887 1148 979 1179 opera
998 1141 1054 1170 tua
1073 1149 1160 1170 nunc
1179 1139 1306 1170 miseros
1325 1138 1505 1170 sollieitari!
1547 1139 1606 1171 716
1626 1138 1754 1170 Nihilne
1772 1149 1835 1170 esse

192 1186 360 1226 proprium
388 1186 556 1226 cuiquam!
596 1187 675 1219 Eun.
697 1188 756 1219 225
777 1196 826 1226 sq.
856 1187 964 1218 Adeon
988 1187 1127 1218 homines
1146 1187 1335 1218 inmutav-ier
1354 1197 1391 1218 a
1409 1196 1521 1226 amare,
1540 1189 1577 1217 ut
1597 1196 1662 1217 non
1680 1197 1838 1227 ooynoseas

196 1234 331 1264 eundum
360 1236 441 1265 esse!
482 1236 542 1267 360
571 1234 793 1275 Numquamne
812 1235 903 1265 etiam
922 1245 968 1265 me
986 1235 1074 1266 illam
1092 1235 1227 1265 uidisse!
1268 1236 1328 1266 553
1348 1235 1545 1265 Neminemne
1564 1235 1720 1265 curiosum
1738 1235 1836 1266 inter-

196 1282 303 1312 uenire
332 1291 419 1312 nune
446 1283 543 1313 mihi!
593 1283 714 1315 Heaut.
734 1283 793 1314 921
817 1282 894 1313 Tene
912 1283 994 1313 istm:
1014 1283 1116 1323 loqui!
1157 1284 1218 1314 980
1236 1283 1343 1313 Adeon
1362 1293 1426 1313 rem
1444 1282 1590 1313 rediisse!
1630 1283 1755 1314 Phorm.
1777 1284 1834 1314 153

197 1330 303 1361 Adeon
332 1340 395 1361 rem
425 1331 555 1361 redisse!
596 1332 656 1362 339
678 1330 740 1361 Ten
758 1330 948 1371 asymbolum
967 1331 1075 1361 uentre
1093 1333 1223 1361 unctum
1241 1333 1333 1371 atque
1353 1331 1492 1361 lautum!
1533 1332 1593 1362 466
1612 1330 1702 1361 Itane
1722 1333 1749 1360 te
1767 1330 1838 1361 hinc

196 1377 295 1408 abisse
313 1380 342 1408 et
361 1378 464 1409 uitam
484 1381 572 1409 tuam
592 1378 756 1409 tutandam
774 1378 848 1409 aliis
867 1379 1001 1409 dedisse!
1041 1380 1101 1410 497
1125 1379 1231 1409 Adeon
1249 1379 1374 1418 ingenia
1394 1388 1456 1409 esse
1475 1379 1554 1409 duro
1574 1379 1620 1409 te!
1655 1380 1714 1410 499
1733 1378 1837 1409 Adeon

198 1428 226 1456 te
244 1435 306 1456 me
324 1426 561 1466 ineoqitantem!
601 1427 661 1458 977
688 1426 826 1457 Tantane
848 1426 1002 1466 adfectum
1026 1436 1213 1466 quemquam
1232 1436 1295 1457 esse
1313 1426 1470 1457 hominem
1489 1426 1640 1457 audacia!
1681 1426 1759 1458 Hoc.
1778 1427 1837 1458 645

197 1473 301 1506 Nosne
330 1474 385 1504 hoe
414 1474 521 1504 celatos
552 1478 637 1512 (esse)
668 1476 732 1505 tam
760 1474 837 1505 diu!
887 1475 1013 1506 Phorm
1036 1475 1097 1506 810
1126 1474 1201 1505 Itan
1224 1484 1364 1515 paruam
1390 1474 1472 1505 mihi
1493 1474 1587 1514 fidem
1606 1484 1668 1504 esse
1687 1476 1763 1514 aput
1787 1475 1835 1504 te!

197 1522 259 1554 Ad.
281 1523 321 1554 38
341 1531 389 1561 sq.
414 1521 646 1576 Quemquamne
665 1522 820 1553 hominem
838 1522 876 1553 in
894 1522 1002 1553 animo
1020 1522 1182 1553 instituere
1197 1532 1313 1563 parare
1333 1523 1415 1562 quod
1430 1522 1473 1553 sit
1492 1522 1598 1553 oar-tus
1610 1531 1705 1562 quam
1717 1522 1782 1562 ipse
1793 1524 1837 1552 est

197 1569 277 1600 sibi!
318 1570 378 1601 237
398 1569 516 1600 Hocine
534 1570 669 1610 incipere
689 1570 898 1600 Aeschinum?
948 1571 1008 1602 390
1028 1570 1156 1601 Hoecim
1174 1570 1265 1610 fieri!
1306 1571 1366 1602 408
1386 1570 1514 1600 Hoeeine
1532 1570 1654 1610 flaqitia
1672 1570 1768 1609 faeere
1788 1571 1834 1600 te!

199 1618 259 1650 448
278 1626 327 1657 sq.
359 1617 411 1648 Ex
436 1618 516 1648 ilbm
539 1617 664 1658 familia
685 1620 749 1648 tam
767 1617 926 1649 inliberale
945 1618 1071 1658 facinus
1090 1628 1152 1649 esse
1171 1619 1294 1649 ortum!
1335 1619 1395 1650 610
1415 1626 1464 1657 sq.
1485 1617 1604 1648 Hoetne
1623 1627 1660 1648 αι)
1678 1617 1837 1657 inprouiso

198 1665 276 1696 mali
294 1665 376 1695 mihi
393 1665 472 1696 obwi
492 1667 634 1696 tantum!

293 1754 325 1790 b)
345 1753 377 1785 N
380 1762 399 1786 e
420 1754 524 1786 abest.

293 1826 372 1857 Eun.
395 1826 453 1857 755
478 1825 612 1856 Militem
634 1835 738 1856 seeum
757 1825 799 1856 ad
818 1827 846 1856 te
865 1827 999 1865 quantas
1018 1825 1122 1866 copias
1141 1825 1307 1856 adducere?
1349 1825 1469 1857 Heaut.
1490 1825 1549 1856 503
1569 1824 1621 1855 Ita
1640 1826 1836 1865 conparatum

196 1884 259 1905 esse
277 1873 441 1905 hominum
461 1876 610 1905 naturam
629 1873 792 1905 omnium?
833 1874 894 1906 630
915 1873 940 1906 Ο
959 1873 1108 1914 ΙαΜνίἰεν,
1127 1875 1247 1906 tantam
1263 1882 1325 1905 esse
1338 1874 1372 1906 in
1385 1874 1490 1906 animo
1502 1873 1673 1905 inscia'am!
1706 1873 1830 1905 Phorm.

197 1923 257 1954 503
290 1922 369 1953 Tum
393 1922 446 1953 hac
469 1931 532 1953 esee
551 1922 630 1953 mihi
649 1923 793 1953 obv'ect'um
811 1922 949 1953 malum!
988 1923 1048 1954 528
1067 1922 1119 1954 Sic
1137 1922 1217 1953 hunc
1236 1922 1348 1961 decepi!
1387 1923 1448 1953 884
1470 1921 1603 1953 Tamna
1621 1922 1777 1961 fortunam
1797 1921 1834 1951 de

197 1970 354 2010 inprouiso
372 1978 435 2002 esee
454 1970 504 2001 his
522 1970 646 2002 domm!
685 1971 746 2002 978
764 1970 836 2001 Non
855 1969 908 2001 hoc
921 1970 1089 2010 publoeitus
1107 1970 1204 2001 scelus
1222 1969 1293 2001 hinc
1311 1969 1517 2009 aspormrier!
1551 1969 1642 2008 [Haeo
1655 1968 1833 2001 enuntiatio

197 2019 298 2051 verba
327 2018 383 2051 illa
409 2027 510 2059 supra
536 2018 638 2051 allata
657 2018 816 2051 “Tantane
836 2018 1002 2051 adfectum
1022 2026 1220 2058 quemquam
1239 2026 1315 2050 esse
1335 2018 1500 2050 hominem
1520 2017 1671 2050 audacia'‘
1691 2017 1833 2057 proxime

198 2067 365 2105 sequitum
406 2066 486 2098 Hoc.
507 2067 567 2098 226
585 2066 657 2098 Non
678 2068 704 2096 te
717 2075 780 2105 pro
799 2067 849 2097 his
867 2075 991 2098 curasse
1009 2067 1115 2097 rebus!
1153 2067 1213 2097 613
1232 2066 1316 2097 Hinc
1335 2066 1421 2097 abire
1439 2067 1595 2097 matrem?
1634 2065 1696 2096 Ad.
1711 2066 1770 2096 408
1783 2073 1832 2102 sq.

197 2113 274 2146 Haec
303 2115 330 2146 te
358 2114 520 2146 admittere
548 2114 678 2154 indiqna
704 2122 812 2154 =uenere
834 2114 951 2146 nostro!
990 2113 1084 2152 [Vide
1104 2122 1177 2153 quae
1198 2113 1239 2145 de
1258 2113 1385 2145 Phorm.
1406 2114 1467 2145 978
1487 2113 1647 2150 diximus]
1686 2113 1745 2144 562
1764 2111 1836 2143 Non

191 2163 343 2202 puduteoe
361 2163 525 2194 uerberare
544 2163 696 2194 hominem
714 2164 831 2194 senem!
869 2163 930 2194 629
949 2171 998 2202 sq.
1028 2162 1100 2194 Non
1119 2171 1168 2194 me
1191 2162 1270 2194 hanc
1289 2171 1357 2194 rem
1371 2163 1462 2202 patri
1483 2187 1491 2194 .
1513 2186 1521 2194 .
1543 2187 1550 2194 .
1571 2161 1734 2194 indicasse!
1772 2161 1832 2193 934

197 2211 246 2242 Me
264 2211 373 2242 ducere
391 2212 517 2242 autema>

300 2333 319 2366 ¹)
336 2332 407 2359 Vide
424 2332 609 2359 Kuehnerum:
627 2340 687 2366 pag.
706 2331 764 2358 532.
